@incollection{goodrich2013toward,
  title={Toward Task-Based Mental Models of Human-Robot Teaming: A Bayesian Approach},
  author={Goodrich, Michael A and Yi, Daqing},
  booktitle={Virtual Augmented and Mixed Reality. Designing and Developing Augmented and Virtual Environments},
  pages={267--276},
  year={2013},
  publisher={Springer}
}

@phdthesis{levine2010information,
  title={Information-rich path planning under general constraints using rapidly-exploring random trees},
  author={Levine, Daniel S},
  year={2010},
  school={Citeseer}
}

@inproceedings{JonesSchwagerBeltaICRA13scLTLInfo,
  author = {A. Jones and M. Schwager and C. Belta}, 
  title = {A Receding Horizon Algorithm for Informative Path Planning with Temporal Logic Constraints},
  booktitle = {Proc. of the IEEE International Conference on Robotics and Automation (ICRA 13)},
  month = {May},
  year = {2013}
}

@article{singh2009efficient,
  title={Efficient informative sensing using multiple robots},
  author={Singh, A. and Krause, A. and Guestrin, C. and Kaiser, W.J.},
  journal={Journal of Artificial Intelligence Research},
  volume={34},
  number={2},
  pages={707},
  year={2009}
}

@inproceedings{chekuri2005recursive,
   title={A recursive greedy algorithm for walks in directed graphs},
   author={Chekuri, C. and Pal, M.},
   booktitle={Foundations of Computer Science, 2005. FOCS 2005. 46th Annual IEEE Symposium on},
   pages={245--253},
   year={2013},
   organization={IEEE}
 }
 
 @inproceedings{binney2012branch,
   title={Branch and bound for informative path planning},
   author={Binney, J. and Sukhatme, G.S.},
   booktitle={Robotics and Automation (ICRA), 2012 IEEE International Conference on},
   pages={2147--2154},
   year={2012},
   organization={IEEE}
 }