@INPROCEEDINGS{4223160, 
author={Ming Jiang and Yupin Luo and Shiyuan Yang}, 
booktitle={Swarm Intelligence Symposium, 2007. SIS 2007. IEEE}, 
title={Stagnation Analysis in Particle Swarm Optimization}, 
year={2007}, 
month={April}, 
pages={92-99}, 
keywords={particle swarm optimisation;stochastic processes;formal stochastic analysis;particle swarm optimization;stagnation analysis;Algorithm design and analysis;Analysis of variance;Convergence;History;Multidimensional systems;Particle swarm optimization;Robustness;Stochastic processes;Stochastic systems;Sufficient conditions}, 
doi={10.1109/SIS.2007.368031},}

