@inproceedings{Rai:2012:ZZC:2348543.2348580,
 author = {Rai, Anshul and Chintalapudi, Krishna Kant and Padmanabhan, Venkata N. and Sen, Rijurekha},
 title = {Zee: Zero-effort Crowdsourcing for Indoor Localization},
 booktitle = {Proceedings of the 18th Annual International Conference on Mobile Computing and Networking},
 series = {Mobicom '12},
 year = {2012},
 isbn = {978-1-4503-1159-5},
 location = {Istanbul, Turkey},
 pages = {293--304},
 numpages = {12},
 url = {http://doi.acm.org/10.1145/2348543.2348580},
 doi = {10.1145/2348543.2348580},
 acmid = {2348580},
 publisher = {ACM},
 address = {New York, NY, USA},
 keywords = {calibration free, indoor, localization, particle filter, wifi},
} 

@inproceedings{Liu:2013:GEF:2462456.2464450,
 author = {Liu, Kaikai and Liu, Xinxin and Li, Xiaolin},
 title = {Guoguo: Enabling Fine-grained Indoor Localization via Smartphone},
 booktitle = {Proceeding of the 11th Annual International Conference on Mobile Systems, Applications, and Services},
 series = {MobiSys '13},
 year = {2013},
 isbn = {978-1-4503-1672-9},
 location = {Taipei, Taiwan},
 pages = {235--248},
 numpages = {14},
 url = {http://doi.acm.org/10.1145/2462456.2464450},
 doi = {10.1145/2462456.2464450},
 acmid = {2464450},
 publisher = {ACM},
 address = {New York, NY, USA},
 keywords = {acoustic signal, anchor network, localization, smartphone},
} 

@inproceedings{Sen:2013:AMR:2462456.2464463,
 author = {Sen, Souvik and Lee, Jeongkeun and Kim, Kyu-Han and Congdon, Paul},
 title = {Avoiding Multipath to Revive Inbuilding WiFi Localization},
 booktitle = {Proceeding of the 11th Annual International Conference on Mobile Systems, Applications, and Services},
 series = {MobiSys '13},
 year = {2013},
 isbn = {978-1-4503-1672-9},
 location = {Taipei, Taiwan},
 pages = {249--262},
 numpages = {14},
 url = {http://doi.acm.org/10.1145/2462456.2464463},
 doi = {10.1145/2462456.2464463},
 acmid = {2464463},
 publisher = {ACM},
 address = {New York, NY, USA},
 keywords = {application, cross-layer, indoor positioning, localization, wireless},
} 

@inproceedings{Nirjon:2014:CIL:2594368.2594378,
 author = {Nirjon, Shahriar and Liu, Jie and DeJean, Gerald and Priyantha, Bodhi and Jin, Yuzhe and Hart, Ted},
 title = {COIN-GPS: Indoor Localization from Direct GPS Receiving},
 booktitle = {Proceedings of the 12th Annual International Conference on Mobile Systems, Applications, and Services},
 series = {MobiSys '14},
 year = {2014},
 isbn = {978-1-4503-2793-0},
 location = {Bretton Woods, New Hampshire, USA},
 pages = {301--314},
 numpages = {14},
 url = {http://doi.acm.org/10.1145/2594368.2594378},
 doi = {10.1145/2594368.2594378},
 acmid = {2594378},
 publisher = {ACM},
 address = {New York, NY, USA},
 keywords = {co-gps, coin-gps, indoor gps, instant gps},
} 
