% This file was created with JabRef 2.9.2.
% Encoding: GBK

@ARTICLE{Adams20032009,
  author = {Adams, Julie A. and Humphrey, Curtis M. and Goodrich, Michael A.
	and Cooper, Joseph L. and Morse, Bryan S. and Engh, Cameron and Rasmussen,
	Nathan},
  title = {Cognitive Task Analysis for Developing Unmanned Aerial Vehicle Wilderness
	Search Support},
  journal = {Journal of Cognitive Engineering and Decision Making},
  year = {2009},
  volume = {3},
  pages = {1-26},
  number = {1},
  doi = {10.1518/155534309X431926},
  eprint = {http://edm.sagepub.com/content/3/1/1.full.pdf+html}
}

@INPROCEEDINGS{atherton2011supporting,
  author = {Atherton, J Alan and Goodrich, Michael A},
  title = {Supporting clinicians in robot-assisted therapy for autism spectrum
	disorder: Creating and editing robot animations with full-body motion
	tracking},
  booktitle = {Robotics Science and Systems Workshop on Human--Robot Interaction:
	Perspectives and Contributions to Robotics From the Human Sciences,
	Los Angeles},
  year = {2011}
}

@INPROCEEDINGS{atherton2006coordinating,
  author = {Atherton, John Alan and Hardin, Benjamin and Goodrich, Michael A},
  title = {Coordinating a Multi-Agent Team using a Multiple Perspective Interface
	Paradigm.},
  booktitle = {AAAI Spring Symposium: To Boldly Go Where No Human-Robot Team Has
	Gone Before},
  year = {2006},
  pages = {47--51}
}

@INPROCEEDINGS{5928685,
  author = {Atherton, J.A. and Goodrich, M.A.},
  title = {Visual robot choreography for clinicians},
  booktitle = {Collaboration Technologies and Systems (CTS), 2011 International
	Conference on},
  year = {2011},
  pages = {186-189},
  doi = {10.1109/CTS.2011.5928685}
}

@ARTICLE{beard2005autonomous,
  author = {Beard, Randal W and Kingston, Derek and Quigley, Morgan and Snyder,
	Deryl and Christiansen, Reed and Johnson, Walt and McLain, Timothy
	and Goodrich, Michael},
  title = {Autonomous vehicle technologies for small fixed-wing UAVs},
  journal = {Journal of Aerospace Computing, Information, and Communication},
  year = {2005},
  volume = {2},
  pages = {92--108},
  number = {1}
}

@ARTICLE{beard2002coordinated,
  author = {Beard, Randal W and McLain, Timothy W and Goodrich, Michael A and
	Anderson, Erik P},
  title = {Coordinated target assignment and intercept for unmanned air vehicles},
  journal = {Robotics and Automation, IEEE Transactions on},
  year = {2002},
  volume = {18},
  pages = {911--922},
  number = {6},
  publisher = {IEEE}
}

@INPROCEEDINGS{boer2005steering,
  author = {Boer, E and Rakauskas, Michael E and Ward, Nicholas J and Goodrich,
	Michael A},
  title = {Steering entropy revisited},
  booktitle = {Proceedings of the 3rd International Driving Symposium on Human Factors
	in Driver Assessment, Training and Vehicle Design},
  year = {2005},
  pages = {25--32}
}

@INPROCEEDINGS{colton2009toward,
  author = {Colton, Mark B and Ricks, Daniel J and Goodrich, Michael A and Dariush,
	Behzad and Fujimura, Kikuo and Fujiki, Martin},
  title = {Toward therapist-in-the-loop assistive robotics for children with
	autism and specific language impairment},
  booktitle = {AISB 2009 Syposium on New Frontiers in Human-Robot Interaction},
  year = {2009},
  volume = {24},
  pages = {25}
}

@INPROCEEDINGS{5708812,
  author = {Cook, P.R. and Goodrich, M.A.},
  title = {MMM-PHC: A Particle-Based Multi-Agent Learning Algorithm},
  booktitle = {Machine Learning and Applications (ICMLA), 2010 Ninth International
	Conference on},
  year = {2010},
  pages = {50-55},
  doi = {10.1109/ICMLA.2010.15}
}

@INPROCEEDINGS{Cooper:2008:TCU:1349822.1349868,
  author = {Cooper, Joseph and Goodrich, Michael A.},
  title = {Towards Combining UAV and Sensor Operator Roles in UAV-enabled Visual
	Search},
  booktitle = {Proceedings of the 3rd ACM/IEEE International Conference on Human
	Robot Interaction},
  year = {2008},
  series = {HRI '08},
  pages = {351--358},
  address = {New York, NY, USA},
  publisher = {ACM},
  acmid = {1349868},
  doi = {10.1145/1349822.1349868},
  isbn = {978-1-60558-017-3},
  keywords = {ecological interface, human-robot interaction, unmanned aerial vehicle,
	user study},
  location = {Amsterdam, The Netherlands},
  numpages = {8},
  url = {http://doi.acm.org/10.1145/1349822.1349868}
}

@OTHER{doi:10.1117/12.666341,
  author = {Cooper, Joseph L. and Goodrich, Michael A.},
  doi = {10.1117/12.666341},
  journal = {Proc. SPIE},
  pages = {62260B-62260B-9},
  title = {Integrating critical interface elements for intuitive single-display
	aviation control of UAVs},
  url = { http://dx.doi.org/10.1117/12.666341},
  volume = {6226},
  year = {2006}
}

@INPROCEEDINGS{AAAI113601,
  author = {Jacob Crandall and Asad Ahmed and Michael Goodrich},
  title = {Learning in Repeated Games with Minimal Information: The Effects
	of Learning Bias},
  year = {2011},
  conference = {AAAI Conference on Artificial Intelligence},
  url = {http://www.aaai.org/ocs/index.php/AAAI/AAAI11/paper/view/3601}
}

@ARTICLE{crandall2011learning,
  author = {Crandall, JacobW. and Goodrich, MichaelA.},
  title = {Learning to compete, coordinate, and cooperate inÂ repeated games
	using reinforcement learning},
  journal = {Machine Learning},
  year = {2011},
  volume = {82},
  pages = {281-314},
  number = {3},
  doi = {10.1007/s10994-010-5192-9},
  issn = {0885-6125},
  keywords = {Multi-agent learning; Reinforcement learning; Game theory},
  language = {English},
  publisher = {Springer US},
  url = {http://dx.doi.org/10.1007/s10994-010-5192-9}
}

@ARTICLE{1453692,
  author = {Crandall, J.W. and Goodrich, M.A. and Olsen, D.R., Jr. and Nielsen,
	C.W.},
  title = {Validating human-robot interaction schemes in multitasking environments},
  journal = {Systems, Man and Cybernetics, Part A: Systems and Humans, IEEE Transactions
	on},
  year = {2005},
  volume = {35},
  pages = {438-449},
  number = {4},
  doi = {10.1109/TSMCA.2005.850587},
  issn = {1083-4427}
}

@INPROCEEDINGS{Crandall:2005:LCC:1102351.1102372,
  author = {Crandall, Jacob W. and Goodrich, Michael A.},
  title = {Learning to Compete, Compromise, and Cooperate in Repeated General-sum
	Games},
  booktitle = {Proceedings of the 22Nd International Conference on Machine Learning},
  year = {2005},
  series = {ICML '05},
  pages = {161--168},
  address = {New York, NY, USA},
  publisher = {ACM},
  acmid = {1102372},
  doi = {10.1145/1102351.1102372},
  isbn = {1-59593-180-5},
  location = {Bonn, Germany},
  numpages = {8},
  url = {http://doi.acm.org/10.1145/1102351.1102372}
}

@INPROCEEDINGS{crandall2009encoding,
  author = {Crandall, Jacob W and Goodrich, Michael A and Lin, Lanny},
  title = {Encoding Intelligent Agents for Uncertain, Unknown, and Dynamic Tasks:
	From Programming to Interactive Artificial Learning.},
  booktitle = {AAAI Spring Symposium: Agents that Learn from Human Teachers},
  year = {2009},
  pages = {28--35}
}

@ARTICLE{COIN:COIN329,
  author = {Dinerstein, Jonathan and Egbert, Parris K. and Ventura, Dan and Goodrich,
	Michael},
  title = {DEMONSTRATION-BASED BEHAVIOR PROGRAMMING FOR EMBODIED VIRTUAL AGENTS},
  journal = {Computational Intelligence},
  year = {2008},
  volume = {24},
  pages = {235--256},
  number = {4},
  doi = {10.1111/j.1467-8640.2008.00329.x},
  issn = {1467-8640},
  keywords = {behavioral animation, cognitive modeling, programming by demonstration,
	machine learning, embodied virtual agents, AI-based animation},
  publisher = {Blackwell Publishing Inc},
  url = {http://dx.doi.org/10.1111/j.1467-8640.2008.00329.x}
}

@INPROCEEDINGS{Drury06comparingsituation,
  author = {Jill L. Drury and Justin Richer and Nathan Rackliffe},
  title = {Comparing situation awareness for two unmanned aerial vehicle human
	interface approaches},
  booktitle = {In Proceedings of the IEEE International Workshop on Safety, Security
	and Rescue Robotics (SSRR},
  year = {2006}
}

@INPROCEEDINGS{ferketic2006toward,
  author = {Ferketic, Jeffrey and Goldblatt, Loel and Hodgson, Edward and Murray,
	Sean and Wichowski, Robert and Bradley, Arthur and Evans, John and
	others},
  title = {Toward human-robot interface standards: Use of standardization and
	intelligent subsystems for advancing human-robotic competency in
	space exploration},
  booktitle = {In Proceedings of the SAE 36th International Conference on Environmental
	Systems},
  year = {2006}
}

@INPROCEEDINGS{Fiore01092011,
  author = {Fiore, Stephen M. and Badler, Norman L. and Boloni, Lotzi and Goodrich,
	Michael A. and Wu, Annie S. and Chen, Jessie},
  title = {Human-Robot Teams Collaborating Socially, Organizationally, and Culturally},
  year = {2011},
  volume = {55},
  number = {1},
  pages = {465-469},
  doi = {10.1177/1071181311551096},
  eprint = {http://pro.sagepub.com/content/55/1/465.full.pdf+html},
  journal = {Proceedings of the Human Factors and Ergonomics Society Annual Meeting},
  url = {http://pro.sagepub.com/content/55/1/465.abstract}
}

@INPROCEEDINGS{5641908,
  author = {Giullian, N. and Ricks, D. and Atherton, A. and Colton, M. and Goodrich,
	M. and Brinton, B.},
  title = {Detailed requirements for robots in autism therapy},
  booktitle = {Systems Man and Cybernetics (SMC), 2010 IEEE International Conference
	on},
  year = {2010},
  pages = {2595-2602},
  doi = {10.1109/ICSMC.2010.5641908},
  issn = {1062-922X}
}

@ARTICLE{goodrich2010maximizing,
  author = {Goodrich, MA},
  title = {On maximizing fan-out: Towards controlling multiple unmanned vehicles},
  journal = {Human-robot Interactions in future military operations},
  year = {2010},
  pages = {375--395},
  publisher = {Ashgate Publishing: Farnham, Surrey, UK}
}

@ARTICLE{10.1109/MIS.2012.40,
  author = {Michael A. Goodrich and Mark Colton and Bonnie Brinton and Martin
	Fujiki and J. Alan Atherton and Lee Robinson and Daniel Ricks and
	Margaret Hansen Maxfield and Aersta Acerson},
  title = {Incorporating a Robot into an Autism Therapy Team},
  journal = {IEEE Intelligent Systems},
  year = {2012},
  volume = {27},
  pages = {52-59},
  number = {2},
  address = {Los Alamitos, CA, USA},
  doi = {http://doi.ieeecomputersociety.org/10.1109/MIS.2012.40},
  issn = {1541-1672},
  publisher = {IEEE Computer Society}
}

@ARTICLE{Goodrich01112013,
  author = {Goodrich, Michael A. and Crandall, Jacob W. and Barakova, Emilia},
  title = {Teleoperation and Beyond for Assistive Humanoid Robots},
  journal = {Reviews of Human Factors and Ergonomics},
  year = {2013},
  volume = {9},
  pages = {175-226},
  number = {1},
  doi = {10.1177/1557234X13502463},
  eprint = {http://rev.sagepub.com/content/9/1/175.full.pdf+html},
  url = {http://rev.sagepub.com/content/9/1/175.abstract}
}

@INPROCEEDINGS{goodrich2012types,
  author = {Goodrich, Michael A and Kerman, Sean and Pendleton, Brian and Sujit,
	PB},
  title = {What Types of Interactions do Bio-Inspired Robot Swarms and Flocks
	Afford a Human?},
  booktitle = {Robotics: Science and Systems},
  year = {2012}
}

@INPROCEEDINGS{goodrich2012abstraction,
  author = {Goodrich, Michael A and Mercer, Eric G},
  title = {Abstraction and persistence: Macro-level guarantees of collective
	bioinspired teams under human supervision},
  year = {2012},
  journal = {Proceedings of Infotech@ Aerospace}
}

@ARTICLE{goodrich2009towards,
  author = {Goodrich, Michael A. and Morse, Bryan S. and Engh, Cameron and Cooper,
	Joseph L. and Adams, Julie A.},
  title = {Towards using Unmanned Aerial Vehicles (UAVs) in Wilderness Search
	and Rescue: Lessons from field trials},
  journal = {Interaction Studies},
  year = {2009},
  volume = {10},
  pages = {453-478},
  number = {3},
  doi = {doi:10.1075/is.10.3.08goo},
  keyword = {FIELD ROBOTICS, GRAPHICAL USER INTERFACES, HUMAN FACTORS, HUMAN-ROBOT
	INTERACTION, UNMANNED AERIAL VEHICLES, WILDERNESS SEARCH AND RESCUE},
  url = {http://www.ingentaconnect.com/content/jbp/is/2009/00000010/00000003/art00008}
}

@ARTICLE{ROB:ROB20226,
  author = {Goodrich, Michael A. and Morse, Bryan S. and Gerhardt, Damon and
	Cooper, Joseph L. and Quigley, Morgan and Adams, Julie A. and Humphrey,
	Curtis},
  title = {Supporting wilderness search and rescue using a camera-equipped mini
	UAV},
  journal = {Journal of Field Robotics},
  year = {2008},
  volume = {25},
  pages = {89--110},
  number = {1},
  doi = {10.1002/rob.20226},
  issn = {1556-4967},
  publisher = {Wiley Subscription Services, Inc., A Wiley Company},
  url = {http://dx.doi.org/10.1002/rob.20226}
}

@INPROCEEDINGS{goodrich2005task,
  author = {Goodrich, Michael A and Quigley, Morgan and Cosenzo, Keryl},
  title = {Task switching and multi-robot teams},
  booktitle = {Multi-Robot Systems. From Swarms to Intelligent Automata Volume III},
  year = {2005},
  pages = {185--195},
  publisher = {Springer}
}

@ARTICLE{Goodrich:2007:HIS:1348099.1348100,
  author = {Goodrich, Michael A. and Schultz, Alan C.},
  title = {Human-robot Interaction: A Survey},
  journal = {Found. Trends Hum.-Comput. Interact.},
  year = {2007},
  volume = {1},
  pages = {203--275},
  number = {3},
  month = jan,
  acmid = {1348100},
  address = {Hanover, MA, USA},
  doi = {10.1561/1100000005},
  issn = {1551-3955},
  issue_date = {February 2007},
  numpages = {73},
  publisher = {Now Publishers Inc.},
  url = {http://dx.doi.org/10.1561/1100000005}
}

@ARTICLE{Goodrich:1999:MPS:2234511.2234781,
  author = {Goodrich, M. A. and Stirling, W. C. and Frost, R. L.},
  title = {Model Predictive Satisficing Fuzzy Logic Control},
  journal = {Trans. Fuz Sys.},
  year = {1999},
  volume = {7},
  pages = {319--332},
  number = {3},
  month = jun,
  acmid = {2234781},
  address = {Piscataway, NJ, USA},
  doi = {10.1109/91.771087},
  issn = {1063-6706},
  issue_date = {June 1999},
  numpages = {14},
  publisher = {IEEE Press},
  url = {http://dx.doi.org/10.1109/91.771087}
}

@ARTICLE{1227578,
  author = {Goodrich, M.A. and Boer, E.R.},
  title = {Model-based human-centered task automation: a case study in ACC system
	design},
  journal = {Systems, Man and Cybernetics, Part A: Systems and Humans, IEEE Transactions
	on},
  year = {2003},
  volume = {33},
  pages = {325-336},
  number = {3},
  doi = {10.1109/TSMCA.2003.817040},
  issn = {1083-4427}
}

@ARTICLE{869020,
  author = {Goodrich, M.A. and Boer, E.R.},
  title = {Designing human-centered automation: trade-offs in collision avoidance
	system design},
  journal = {Intelligent Transportation Systems, IEEE Transactions on},
  year = {2000},
  volume = {1},
  pages = {40-54},
  number = {1},
  doi = {10.1109/6979.869020},
  issn = {1524-9050}
}

@INPROCEEDINGS{4381284,
  author = {Goodrich, M.A. and Cooper, J.L. and Adams, J.A. and Humphrey, C.
	and Zeeman, R. and Buss, B.G.},
  title = {Using a Mini-UAV to Support Wilderness Search and Rescue: Practices
	for Human-Robot Teaming},
  booktitle = {Safety, Security and Rescue Robotics, 2007. SSRR 2007. IEEE International
	Workshop on},
  year = {2007},
  pages = {1-6},
  doi = {10.1109/SSRR.2007.4381284}
}

@INPROCEEDINGS{FSS125559,
  author = {Michael Goodrich and Sean Kerman and Shin-Young Jun},
  title = {On Leadership and Influence in Human-Swarm Interaction},
  booktitle = {AAAI Fall Symposium Series},
  year = {2012},
  keywords = {Human swarm interaction, bio-inspired robots},
  url = {http://www.aaai.org/ocs/index.php/FSS/FSS12/paper/view/5559}
}

@INPROCEEDINGS{6251698,
  author = {Goodrich, M.A. and McLain, T.W. and Anderson, J.D. and Sun, J. and
	Crandall, J.W.},
  title = {Managing autonomy in robot teams: Observations from four experiments},
  booktitle = {Human-Robot Interaction (HRI), 2007 2nd ACM/IEEE International Conference
	on},
  year = {2007},
  pages = {25-32},
  issn = {2167-2121}
}

@INPROCEEDINGS{6084115,
  author = {Goodrich, M.A. and Pendleton, B. and Sujit, P. B. and Pinto, J.},
  title = {Toward human interaction with bio-inspired robot teams},
  booktitle = {Systems, Man, and Cybernetics (SMC), 2011 IEEE International Conference
	on},
  year = {2011},
  pages = {2859-2864},
  doi = {10.1109/ICSMC.2011.6084115},
  issn = {1062-922X}
}

@INPROCEEDINGS{1383495,
  author = {Goodrich, M.A. and Quigley, M.},
  title = {Satisficing Q-learning: efficient learning in problems with dichotomous
	attributes},
  booktitle = {Machine Learning and Applications, 2004. Proceedings. 2004 International
	Conference on},
  year = {2004},
  pages = {65-72},
  doi = {10.1109/ICMLA.2004.1383495},
  keywords = {Computer science;Convergence;Decision making;Force feedback;Lead;Learning;Robust
	control;State estimation}
}

@INPROCEEDINGS{1513841,
  author = {Goodrich, M.A. and Rupper, R.J. and Nielsen, C.W.},
  title = {Perceiving head, shoulders, eyes and toes in augmented virtuality
	interfaces for mobile robots},
  booktitle = {Robot and Human Interactive Communication, 2005. ROMAN 2005. IEEE
	International Workshop on},
  year = {2005},
  pages = {574-579},
  doi = {10.1109/ROMAN.2005.1513841}
}

@ARTICLE{goodrich2000,
  author = {Goodrich, MichaelA. and Stirling, WynnC. and Boer, ErwinR.},
  title = {Satisficing Revisited},
  journal = {Minds and Machines},
  year = {2000},
  volume = {10},
  pages = {79-109},
  number = {1},
  doi = {10.1023/A:1008325423033},
  issn = {0924-6495},
  language = {English},
  publisher = {Kluwer Academic Publishers},
  url = {http://dx.doi.org/10.1023/A%3A1008325423033}
}

@ARTICLE{725348,
  author = {Goodrich, M.A. and Stirling, W.C. and Frost, R.L.},
  title = {A theory of satisficing decisions and control},
  journal = {Systems, Man and Cybernetics, Part A: Systems and Humans, IEEE Transactions
	on},
  year = {1998},
  volume = {28},
  pages = {763-779},
  number = {6},
  doi = {10.1109/3468.725348},
  issn = {1083-4427}
}

@INPROCEEDINGS{6256014,
  author = {Hardin, B. and Goodrich, M.A.},
  title = {On using mixed-initiative control: A perspective for managing large-scale
	robotic teams},
  booktitle = {Human-Robot Interaction (HRI), 2009 4th ACM/IEEE International Conference
	on},
  year = {2009},
  pages = {165-172},
  issn = {2167-2121}
}

@ARTICLE{howlett2006learning,
  author = {Howlett, Jason K and McLain, Timothy W and Goodrich, Michael A},
  title = {Learning real-time A* path planner for unmanned air vehicle target
	sensing},
  journal = {Journal of Aerospace Computing, Information, and Communication},
  year = {2006},
  volume = {3},
  pages = {108--122},
  number = {3}
}

@INPROCEEDINGS{jackson2009design,
  author = {Jackson, Joseph A and McLain, Timothy W and Goodrich, Michael A},
  title = {Design and Implementation of a Panoramic Video System from Multiple
	Cameras aboard a Small UAV},
  booktitle = {AIAA Infotech@Aerospace Conference},
  year = {2009}
}

@INPROCEEDINGS{jackson2009image,
  author = {Jackson, Joseph A and McLain, Timothy W and Goodrich, Michael A},
  title = {Image Resolution-based Path Planning and Metrics for Exhaustive Area
	Search from Small UAVs},
  booktitle = {AIAA Infotech@Aerospace Conference},
  year = {2009}
}

@INPROCEEDINGS{6309318,
  author = {Kerman, S. and Brown, D. and Goodrich, M.A.},
  title = {Supporting human interaction with robust robot swarms},
  booktitle = {Resilient Control Systems (ISRCS), 2012 5th International Symposium
	on},
  year = {2012},
  pages = {197-202},
  doi = {10.1109/ISRCS.2012.6309318}
}

@ARTICLE{lin2010bayesian,
  author = {Lin, Lanny and Goodrich, MichaelA.},
  title = {A Bayesian approach to modeling lost person behaviors based on terrain
	features in Wilderness Search andÂ Rescue},
  journal = {Computational and Mathematical Organization Theory},
  year = {2010},
  volume = {16},
  pages = {300-323},
  number = {3},
  doi = {10.1007/s10588-010-9066-2},
  issn = {1381-298X},
  keywords = {Bayesian modeling; Search and rescue; Markov chain Monte Carlo; Geographic
	information systems},
  language = {English},
  publisher = {Springer US},
  url = {http://dx.doi.org/10.1007/s10588-010-9066-2}
}

@INPROCEEDINGS{5354455,
  author = {Lin, L. and Goodrich, M.A.},
  title = {UAV intelligent path planning for Wilderness Search and Rescue},
  booktitle = {Intelligent Robots and Systems, 2009. IROS 2009. IEEE/RSJ International
	Conference on},
  year = {2009},
  pages = {709-714},
  doi = {10.1109/IROS.2009.5354455}
}

@INPROCEEDINGS{linconf2009,
  author = {L. Lin and M. A. Goodrich},
  title = {A Bayesian Approach to Modeling Lost Person Behaviors Based on Terrain
	Features in Wilderness Search and Rescue},
  booktitle = {Proceedings of the 18th Conference on Behavior Representation in
	Modeling and Simulation. Sundance, UT, USA},
  year = {2009},
  pages = {49-56}
}

@INPROCEEDINGS{lin2010supporting,
  author = {Lin, Lanny and Roscheck, Michael and Goodrich, Michael A and Morse,
	Bryan S},
  title = {Supporting Wilderness Search and Rescue with Integrated Intelligence:
	Autonomy and Information at the Right Time and the Right Place.},
  booktitle = {AAAI},
  year = {2010}
}

@INPROCEEDINGS{4587823,
  author = {Morse, B.S. and Gerhardt, D. and Engh, C. and Goodrich, M.A. and
	Rasmussen, N. and Thornton, D. and Eggett, D.},
  title = {Application and evaluation of spatiotemporal enhancement of live
	aerial video using temporally local mosaics},
  booktitle = {Computer Vision and Pattern Recognition, 2008. CVPR 2008. IEEE Conference
	on},
  year = {2008},
  pages = {1-8},
  doi = {10.1109/CVPR.2008.4587823},
  issn = {1063-6919}
}

@INPROCEEDINGS{6249605,
  author = {Morse, B.S. and Thornton, D. and Goodrich, M.A.},
  title = {Color anomaly detection and suggestion for wilderness search and
	rescue},
  booktitle = {Human-Robot Interaction (HRI), 2012 7th ACM/IEEE International Conference
	on},
  year = {2012},
  pages = {455-462},
  issn = {2167-2121}
}

@INPROCEEDINGS{Morse:2010:UVC:1734454.1734548,
  author = {Morse, Bryan S. and Engh, Cameron H. and Goodrich, Michael A.},
  title = {UAV Video Coverage Quality Maps and Prioritized Indexing for Wilderness
	Search and Rescue},
  booktitle = {Proceedings of the 5th ACM/IEEE International Conference on Human-robot
	Interaction},
  year = {2010},
  series = {HRI '10},
  pages = {227--234},
  address = {Piscataway, NJ, USA},
  publisher = {IEEE Press},
  acmid = {1734548},
  isbn = {978-1-4244-4893-7},
  keywords = {coverage quality maps, unmanned aerial vehicles, video indexing, wilderness
	search and rescue},
  location = {Osaka, Japan},
  numpages = {8},
  url = {http://dl.acm.org/citation.cfm?id=1734454.1734548}
}

@ARTICLE{4339541,
  author = {Nielsen, C.W. and Goodrich, M.A. and Ricks, R.W.},
  title = {Ecological Interfaces for Improving Mobile Robot Teleoperation},
  journal = {Robotics, IEEE Transactions on},
  year = {2007},
  volume = {23},
  pages = {927-941},
  number = {5},
  doi = {10.1109/TRO.2007.907479},
  issn = {1552-3098}
}

@INPROCEEDINGS{1513840,
  author = {Nielsen, C.W. and Goodrich, M.A. and Rupper, R.J.},
  title = {Towards facilitating the use of a pan-tilt camera on a mobile robot},
  booktitle = {Robot and Human Interactive Communication, 2005. ROMAN 2005. IEEE
	International Workshop on},
  year = {2005},
  pages = {568-573},
  doi = {10.1109/ROMAN.2005.1513840}
}

@INPROCEEDINGS{Nielsen01102006,
  author = {Nielsen, Curtis W. and Goodrich, Michael A.},
  title = {Testing the Usefulness of a Pan-Tilt-Zoom (PTZ) Camera in Human-Robot
	Interactions},
  year = {2006},
  volume = {50},
  number = {5},
  pages = {757-761},
  doi = {10.1177/154193120605000530},
  journal = {Proceedings of the Human Factors and Ergonomics Society Annual Meeting},
  url = {http://pro.sagepub.com/content/50/5/757.abstract}
}

@INPROCEEDINGS{nielsen2006comparing,
  author = {Nielsen, Curtis W and Goodrich, Michael A},
  title = {Comparing the usefulness of video and map information in navigation
	tasks},
  booktitle = {Proceedings of the 1st ACM SIGCHI/SIGART conference on Human-robot
	interaction},
  year = {2006},
  pages = {95--101},
  organization = {ACM}
}

@INPROCEEDINGS{duan2006,
  author = {Q. Duan, C. Knutson, and M. A. Goodrich},
  title = {Axiomatic Multi-Transport Bargaining: A Quantitative Method for Dynamic
	Transport Selection in Heterogeneous Multi-Transport Wireless Environments},
  year = {2006},
  booktile = {In Proceedings of the 2006 IEEE Wireless Communications and Networking
	Conference}
}

@INPROCEEDINGS{1545051,
  author = {Quigley, M. and Barber, B. and Griffiths, S. and Goodrich, M.A.},
  title = {Towards real-world searching with fixed-wing mini-UAVs},
  booktitle = {Intelligent Robots and Systems, 2005. (IROS 2005). 2005 IEEE/RSJ
	International Conference on},
  year = {2005},
  pages = {3028-3033},
  doi = {10.1109/IROS.2005.1545051}
}

@INPROCEEDINGS{1570505,
  author = {Quigley, M. and Goodrich, M.A. and Griffiths, S. and Eldredge, A.
	and Beard, R.W.},
  title = {Target Acquisition, Localization, and Surveillance Using a Fixed-Wing
	Mini-UAV and Gimbaled Camera},
  booktitle = {Robotics and Automation, 2005. ICRA 2005. Proceedings of the 2005
	IEEE International Conference on},
  year = {2005},
  pages = {2600-2605},
  doi = {10.1109/ROBOT.2005.1570505}
}

@INPROCEEDINGS{5403048,
  author = {Rasmussen, N.D. and Morse, B.S. and Goodrich, M.A. and Eggett, D.},
  title = {Fused visible and infrared video for use in Wilderness Search and
	Rescue},
  booktitle = {Applications of Computer Vision (WACV), 2009 Workshop on},
  year = {2009},
  pages = {1-8},
  doi = {10.1109/WACV.2009.5403048},
  issn = {1550-5790}
}

@INPROCEEDINGS{ricks2010design,
  author = {Ricks, Daniel J and Colton, Mark B and Goodrich, Michael A},
  title = {Design and evaluation of a clinical upper-body humanoid robot for
	autism therapy},
  booktitle = {In Proceedings of the 2010 International Conference on Applied Bionics
	and Biomechanics, Venice, Italy},
  year = {2010}
}

@INPROCEEDINGS{Steinfeld:2006:CMH:1121241.1121249,
  author = {Steinfeld, Aaron and Fong, Terrence and Kaber, David and Lewis, Michael
	and Scholtz, Jean and Schultz, Alan and Goodrich, Michael},
  title = {Common Metrics for Human-robot Interaction},
  booktitle = {Proceedings of the 1st ACM SIGCHI/SIGART Conference on Human-robot
	Interaction},
  year = {2006},
  series = {HRI '06},
  pages = {33--40},
  address = {New York, NY, USA},
  publisher = {ACM},
  acmid = {1121249},
  doi = {10.1145/1121241.1121249},
  isbn = {1-59593-294-1},
  keywords = {human-robot interaction, metrics, unmanned ground vehicles},
  location = {Salt Lake City, Utah, USA},
  numpages = {8},
  url = {http://doi.acm.org/10.1145/1121241.1121249}
}

@ARTICLE{537210,
  author = {Stirling, W.C. and Goodrich, M.A. and Frost, R.L.},
  title = {Procedurally rational decision-making and control},
  journal = {Control Systems, IEEE},
  year = {1996},
  volume = {16},
  pages = {66-75},
  number = {5},
  doi = {10.1109/37.537210},
  issn = {1066-033X}
}

@ARTICLE{goodrich2002,
  author = {Stirling, W.C. and Goodrich, M.A. and Packard, D.J.},
  title = {Satisficing Equilibria: A Non-Classical Theory of Games and Decisions},
  journal = {Autonomous Agents and Multi-Agent Systems},
  year = {2002},
  volume = {5},
  pages = {305-328},
  number = {3},
  doi = {10.1023/A:1015556407380},
  issn = {1387-2532},
  keywords = {decision theory; game theory; satisficing; equilibria},
  language = {English},
  publisher = {Kluwer Academic Publishers},
  url = {http://dx.doi.org/10.1023/A%3A1015556407380}
}

@ARTICLE{Stirling:1999:SG:1711364.1711457,
  author = {Stirling, Wynn C. and Goodrich, Michael A.},
  title = {Satisficing Games},
  journal = {Inf. Sci.},
  year = {1999},
  volume = {114},
  pages = {255--280},
  number = {1},
  month = mar,
  acmid = {1711457},
  address = {New York, NY, USA},
  doi = {10.1016/S0020-0255(98)10048-8},
  issn = {0020-0255},
  issue_date = {March, 1999},
  numpages = {26},
  publisher = {Elsevier Science Inc.},
  url = {http://dx.doi.org/10.1016/S0020-0255(98)10048-8}
}

@ARTICLE{Stirling:2002:SEN:608611.608697,
  author = {Stirling, W. C. and Goodrich, M. A. and Packard, D. J.},
  title = {Satisficing Equilibria: A Non-Classical Theory of Games and Decisions},
  journal = {Autonomous Agents and Multi-Agent Systems},
  year = {2002},
  volume = {5},
  pages = {305--328},
  number = {3},
  month = sep,
  acmid = {608697},
  address = {Hingham, MA, USA},
  doi = {10.1023/A:1015556407380},
  issn = {1387-2532},
  issue_date = {September 2002},
  keywords = {decision theory, equilibria, game theory, satisficing},
  numpages = {24},
  publisher = {Kluwer Academic Publishers},
  url = {http://dx.doi.org/10.1023/A:1015556407380}
}

@INPROCEEDINGS{5641726,
  author = {Whetten, J.M. and Goodrich, M.A. and Yisong Guo},
  title = {Beyond robot fan-out: Towards multi-operator supervisory control},
  booktitle = {Systems Man and Cybernetics (SMC), 2010 IEEE International Conference
	on},
  year = {2010},
  pages = {2008-2015},
  doi = {10.1109/ICSMC.2010.5641726},
  issn = {1062-922X}
}

