@ARTICLE{6606803, 
author={Campigotto, P. and Passerini, A. and Battiti, R.}, 
journal={Neural Networks and Learning Systems, IEEE Transactions on}, 
title={Active Learning of Pareto Fronts}, 
year={2014}, 
month={March}, 
volume={25}, 
number={3}, 
pages={506-519}, 
keywords={Pareto optimisation;learning (artificial intelligence);ALP algorithm;Pareto front approximation;Pareto fronts;Pareto optimal vectors;active learning strategy;analytical model;computational effort;distribution algorithms;genetic techniques;informative training objective vectors;multiobjective optimization problem;scalarized problem instances;supervised machine learning task;Analytical models;Approximation methods;Linear programming;Optimization;Training;Uncertainty;Vectors;Active learning;Gaussian process regression;multiobjective optimization;uncertainty sampling}, 
doi={10.1109/TNNLS.2013.2275918}, 
ISSN={2162-237X},}

@inproceedings{osborne2009gaussian,
  title={Gaussian processes for global optimization},
  author={Osborne, Michael A and Garnett, Roman and Roberts, Stephen J},
  booktitle={3rd international conference on learning and intelligent optimization (LION3)},
  pages={1--15},
  year={2009},
  organization={Citeseer}
}

@inproceedings{zuluaga2013active,
  title={Active learning for multi-objective optimization},
  author={Zuluaga, Marcela and Sergent, Guillaume and Krause, Andreas and P{\"u}schel, Markus},
  booktitle={Proceedings of the 30th International Conference on Machine Learning},
  pages={462--470},
  year={2013}
}

@ARTICLE{5208353, 
author={Aimin Zhou and Qingfu Zhang and Yaochu Jin}, 
journal={Evolutionary Computation, IEEE Transactions on}, 
title={Approximating the Set of Pareto-Optimal Solutions in Both the Decision and Objective Spaces by an Estimation of Distribution Algorithm}, 
year={2009}, 
month={Oct}, 
volume={13}, 
number={5}, 
pages={1167-1189},  
doi={10.1109/TEVC.2009.2021467}, 
ISSN={1089-778X},}

@article{Zuluaga2012,
 author = {Zuluaga, Marcela and Krause, Andreas and Milder, Peter and P\"{u}schel, Markus},
 title = {"Smart" Design Space Sampling to Predict Pareto-optimal Solutions},
 journal = {SIGPLAN Not.},
 issue_date = {MAY 2012},
 volume = {47},
 number = {5},
 month = jun,
 year = {2012},
 issn = {0362-1340},
 pages = {119--128},
 numpages = {10},
 url = {http://doi.acm.org/10.1145/2345141.2248436},
 doi = {10.1145/2345141.2248436},
 acmid = {2248436},
 publisher = {ACM},
 address = {New York, NY, USA},
 keywords = {Pareto optimality, area and performance estimation, high-level synthesis, machine learning},
}

@article{doi:10.1137/100784746,
author = {Lovison, A.},
title = {Singular Continuation: Generating Piecewise Linear Approximations to Pareto Sets via Global Analysis},
journal = {SIAM Journal on Optimization},
volume = {21},
number = {2},
pages = {463-490},
year = {2011},
doi = {10.1137/100784746},
URL = {http://epubs.siam.org/doi/abs/10.1137/100784746}
}

@ARTICLE{2014arXiv1403.4890G,
author = {{Gramacy}, R.~B. and {Gray}, G.~A. and {Le Digabel}, S. and {Lee}, H.~K.~H. and {Ranjan}, P. and {Wells}, G. and {Wild}, S.~M.
},
title = "{Modeling an Augmented Lagrangian for Improved Blackbox Constrained Optimization}",
journal = {ArXiv e-prints},
archivePrefix = "arXiv",
eprint = {1403.4890},
primaryClass = "stat.ME",
keywords = {Statistics - Methodology, Statistics - Computation},
year = 2014,
month = mar,
adsurl = {http://adsabs.harvard.edu/abs/2014arXiv1403.4890G},
adsnote = {Provided by the SAO/NASA Astrophysics Data System}
}

@ARTICLE{4358761, 
author={Qingfu Zhang and Aimin Zhou and Yaochu Jin}, 
journal={Evolutionary Computation, IEEE Transactions on}, 
title={RM-MEDA: A Regularity Model-Based Multiobjective Estimation of Distribution Algorithm}, 
year={2008}, 
month={Feb}, 
volume={12}, 
number={1}, 
pages={41-63},  
doi={10.1109/TEVC.2007.894202}, 
ISSN={1089-778X},}

@article{picheny2013multiobjective,
  title={Multiobjective optimization using Gaussian process emulators via stepwise uncertainty reduction},
  author={Picheny, Victor},
  journal={arXiv preprint arXiv:1310.0732},
  year={2013}
}

@inproceedings{picheny2014stepwise,
  title={$\{$A Stepwise uncertainty reduction approach to constrained global optimization$\}$},
  author={Picheny, Victor},
  booktitle={Proceedings of the Seventeenth International Conference on Artificial Intelligence and Statistics},
  pages={787--795},
  year={2014}
}