@ARTICLE{5229134, 
author={Wei Ren}, 
journal={Control Systems Technology, IEEE Transactions on}, 
title={Distributed Cooperative Attitude Synchronization and Tracking for Multiple Rigid Bodies}, 
year={2010}, 
month={March}, 
volume={18}, 
number={2}, 
pages={383-392}, 
keywords={angular velocity measurement;attitude control;cooperative systems;distributed control;mobile robots;multi-robot systems;synchronisation;time-varying systems;tracking;absolute angular velocity measurement;directed information exchange;distributed control law;distributed cooperative attitude synchronization;modified rodriguez parameter;multiple rigid bodies;relative angular velocity measurement;time-varying reference attitude;tracking problem;Attitude synchronization;cooperative control;distributed algorithms;multi-vehicle systems}, 
doi={10.1109/TCST.2009.2016428}, 
ISSN={1063-6536},}

@INPROCEEDINGS{4777127, 
author={Dimarogonas, D.V. and Tsiotras, P. and Kyriakopoulos, K.J.}, 
booktitle={Computer Aided Control System Design, 2006 IEEE International Conference on Control Applications, 2006 IEEE International Symposium on Intelligent Control, 2006 IEEE}, 
title={Laplacian cooperative attitude control of multiple rigid bodies}, 
year={2006}, 
month={Oct}, 
pages={3064-3069}, 
keywords={attitude control;graph theory;matrix algebra;motion control;multi-robot systems;Laplacian cooperative attitude control;Laplacian matrix;communication graph;graph theory;multiagent system;multiple rigid bodies;rotational motion;Angular velocity;Angular velocity control;Communication system control;Control systems;Distributed control;Graph theory;Laplace equations;Motion control;Multiagent systems;Vehicles}, 
doi={10.1109/CACSD-CCA-ISIC.2006.4777127},}

@INPROCEEDINGS{1470210, 
author={Kingston, D.B. and Wei Ren and Beard, R.W.}, 
booktitle={American Control Conference, 2005. Proceedings of the 2005}, 
title={Consensus algorithms are input-to-state stable}, 
year={2005}, 
month={June}, 
pages={1686-1690 vol. 3}, 
keywords={automatic guided vehicles;cooperative systems;mobile robots;stability;synchronisation;consensus algorithm;cooperative control;coordination variable;input-to-state stability;synchronize information;Context;Electric variables control;Fasteners;Kalman filters;Radar detection;Stability;Sufficient conditions;Timing;Topology;Unmanned aerial vehicles}, 
doi={10.1109/ACC.2005.1470210}, 
ISSN={0743-1619},}

