@ARTICLE{5229134, 
author={Wei Ren}, 
journal={Control Systems Technology, IEEE Transactions on}, 
title={Distributed Cooperative Attitude Synchronization and Tracking for Multiple Rigid Bodies}, 
year={2010}, 
month={March}, 
volume={18}, 
number={2}, 
pages={383-392}, 
keywords={angular velocity measurement;attitude control;cooperative systems;distributed control;mobile robots;multi-robot systems;synchronisation;time-varying systems;tracking;absolute angular velocity measurement;directed information exchange;distributed control law;distributed cooperative attitude synchronization;modified rodriguez parameter;multiple rigid bodies;relative angular velocity measurement;time-varying reference attitude;tracking problem;Attitude synchronization;cooperative control;distributed algorithms;multi-vehicle systems}, 
doi={10.1109/TCST.2009.2016428}, 
ISSN={1063-6536},}

@article{Ren20083195,
title = "Synchronization of coupled harmonic oscillators with local interaction ",
journal = "Automatica ",
volume = "44",
number = "12",
pages = "3195 - 3200",
year = "2008",
note = "",
issn = "0005-1098",
doi = "http://dx.doi.org/10.1016/j.automatica.2008.05.027",
url = "http://www.sciencedirect.com/science/article/pii/S0005109808003580",
author = "Wei Ren",
keywords = "Synchronization",
keywords = "Coupled harmonic oscillators",
keywords = "Multi-agent systems",
keywords = "Local interaction",
keywords = "Coordination "
}