@ARTICLE{4358754, 
author={Qingfu Zhang and Hui Li}, 
journal={Evolutionary Computation, IEEE Transactions on}, 
title={MOEA/D: A Multiobjective Evolutionary Algorithm Based on Decomposition}, 
year={2007}, 
month={Dec}, 
volume={11}, 
number={6}, 
pages={712-731}, 
keywords={computational complexity;genetic algorithms;computational complexity;decomposition;genetic algorithm;knapsack problem;multiobjective evolutionary algorithm;scalar optimization subproblem;Computational complexity;Pareto optimality;decomposition;evolutionary algorithm;multiobjective optimization}, 
doi={10.1109/TEVC.2007.892759}, 
ISSN={1089-778X},}

@article{Karaman:2011:SAO:2000201.2000209,
 author = {Karaman, Sertac and Frazzoli, Emilio},
 title = {Sampling-based Algorithms for Optimal Motion Planning},
 journal = {Int. J. Rob. Res.},
 issue_date = {June      2011},
 volume = {30},
 number = {7},
 month = jun,
 year = {2011},
 issn = {0278-3649},
 pages = {846--894},
 numpages = {49},
 url = {http://dx.doi.org/10.1177/0278364911406761},
 doi = {10.1177/0278364911406761},
 acmid = {2000209},
 publisher = {Sage Publications, Inc.},
 address = {Thousand Oaks, CA, USA},
 keywords = {Motion planning, optimal path planning, random geometric graphs, sampling-based algorithms},
} 

@inproceedings{Karaman.Frazzoli:RSS10,
  Address = {Zaragoza, Spain},
  Author = {S. Karaman and E. Frazzoli},
  Booktitle = {Robotics: Science and Systems (RSS)},
  Date-Modified = {2012-12-27 21:13:55 +0000},
  Month = {June},
  Title = {Incremental Sampling-based Algorithms for Optimal Motion Planning},
  Year = {2010}}
  
@inproceedings{Mandow:2005:NAM:1642293.1642328,
  author = {Mandow, L. and Mandow, L. and De la Cruz, J. L. P\'{}erez and De la Cruz, J. L. P\'{}erez},
  title = {A New Approach to Multiobjective A* Search},
  booktitle = {Proceedings of the 19th International Joint Conference on Artificial Intelligence},
  series = {IJCAI'05},
  year = {2005},
  location = {Edinburgh, Scotland},
  pages = {218--223},
  numpages = {6},
  url = {http://dl.acm.org/citation.cfm?id=1642293.1642328},
  acmid = {1642328},
  publisher = {Morgan Kaufmann Publishers Inc.},
  address = {San Francisco, CA, USA},
 } 
