@inproceedings{balling2003maximin,
  title={The maximin fitness function; multi-objective city and regional planning},
  author={Balling, Richard},
  booktitle={Evolutionary Multi-Criterion Optimization},
  pages={1--15},
  year={2003},
  organization={Springer}
}

@inproceedings{li2004better,
  title={Better spread and convergence: Particle swarm multiobjective optimization using the maximin fitness function},
  author={Li, Xiaodong},
  booktitle={Genetic and Evolutionary Computation--GECCO 2004},
  pages={117--128},
  year={2004},
  organization={Springer}
}

@inproceedings{coello2002mopso,
  title={MOPSO: A proposal for multiple objective particle swarm optimization},
  author={Coello Coello, Carlos A and Lechuga, Maximino Salazar},
  booktitle={Evolutionary Computation, 2002. CEC'02. Proceedings of the 2002 Congress on},
  volume={2},
  pages={1051--1056},
  year={2002},
  organization={IEEE}
}

@inproceedings{mostaghim2003strategies,
  title={Strategies for finding good local guides in multi-objective particle swarm optimization (MOPSO)},
  author={Mostaghim, Sanaz and Teich, J{\"u}rgen},
  booktitle={Swarm Intelligence Symposium, 2003. SIS'03. Proceedings of the 2003 IEEE},
  pages={26--33},
  year={2003},
  organization={IEEE}
}

@inproceedings{raquel2005effective,
  title={An effective use of crowding distance in multiobjective particle swarm optimization},
  author={Raquel, Carlo R and Naval Jr, Prospero C},
  booktitle={Proceedings of the 2005 conference on Genetic and evolutionary computation},
  pages={257--264},
  year={2005},
  organization={ACM}
}

@inproceedings{alvarez2005mopso,
  title={A MOPSO algorithm based exclusively on pareto dominance concepts},
  author={Alvarez-Benitez, Julio E and Everson, Richard M and Fieldsend, Jonathan E},
  booktitle={Evolutionary Multi-Criterion Optimization},
  pages={459--473},
  year={2005},
  organization={Springer}
}

@article{padhye2009comprehensive,
  title={Comprehensive comparison of MOPSO methods: study of convergence and diversity?survey of state of the art},
  author={Padhye, Nikhil and Branke, Juergen and Mostaghim, Sanaz},
  journal={Report under review, submitted to CEC},
  year={2009}
}

@article{schutze2012using,
  title={Using the averaged hausdorff distance as a performance measure in evolutionary multiobjective optimization},
  author={Schutze, O and Esquivel, Xavier and Lara, Adriana and Coello, Carlos A Coello},
  journal={Evolutionary Computation, IEEE Transactions on},
  volume={16},
  number={4},
  pages={504--522},
  year={2012},
  publisher={IEEE}
}

@inproceedings{chuan2007standard,
  title={The standard particle swarm optimization algorithm convergence analysis and parameter selection},
  author={Chuan, Lin and Quanyuan, Feng},
  booktitle={Natural Computation, 2007. ICNC 2007. Third International Conference on},
  volume={3},
  pages={823--826},
  year={2007},
  organization={IEEE}
}

@article{poli2008dynamics,
  title={Dynamics and stability of the sampling distribution of particle swarm optimisers via moment analysis},
  author={Poli, Riccardo},
  journal={Journal of Artificial Evolution and Applications},
  volume={2008},
  pages={15},
  year={2008},
  publisher={Hindawi Publishing Corp.}
}

@article{trelea2003particle,
  title={The particle swarm optimization algorithm: convergence analysis and parameter selection},
  author={Trelea, Ioan Cristian},
  journal={Information processing letters},
  volume={85},
  number={6},
  pages={317--325},
  year={2003},
  publisher={Elsevier}
}

@article{clerc2002particle,
  title={The particle swarm-explosion, stability, and convergence in a multidimensional complex space},
  author={Clerc, Maurice and Kennedy, James},
  journal={Evolutionary Computation, IEEE Transactions on},
  volume={6},
  number={1},
  pages={58--73},
  year={2002},
  publisher={IEEE}
}

@article{parsopoulos2008multi,
  title={Multi-Objective Particles Swarm Optimization Approaches},
  author={Parsopoulos, Konstantinos E and Vrahatis, Michael N},
  journal={Multi-Objective Optimization in Computational Intelligence: Theory and Practice},
  pages={20--42},
  year={2008},
  publisher={IGI Global Snippet}
}

@inproceedings{risco2008optimization,
  title={Optimization of dynamic data types in embedded systems using DEVS/SOA-based modeling and simulation},
  author={Risco-Mart{\'\i}n, Jos{\'e} L and Mittal, Saurabh and Atienza, David and Hidalgo, J Ignacio and Lanchares, Juan},
  booktitle={Proceedings of the 3rd international conference on Scalable information systems},
  pages={17},
  year={2008},
  organization={ICST (Institute for Computer Sciences, Social-Informatics and Telecommunications Engineering)}
}

@article{zitzler1999multiobjective,
  title={Multiobjective evolutionary algorithms: A comparative case study and the strength pareto approach},
  author={Zitzler, Eckart and Thiele, Lothar},
  journal={Evolutionary Computation, IEEE Transactions on},
  volume={3},
  number={4},
  pages={257--271},
  year={1999},
  publisher={IEEE}
}

@inproceedings{silva2013multi,
  title={A Multi-Objective Particle Swarm Optimizer Based on Diversity},
  author={Silva, Dennis RC and Bastos-Filho, Carmelo JA},
  booktitle={INTELLI 2013, The Second International Conference on Intelligent Systems and Applications},
  pages={109--114},
  year={2013}
}

@article{coello2005solving,
  title={Solving multiobjective optimization problems using an artificial immune system},
  author={Coello, Carlos A Coello and Cort{\'e}s, Nareli Cruz},
  journal={Genetic Programming and Evolvable Machines},
  volume={6},
  number={2},
  pages={163--190},
  year={2005},
  publisher={Springer}
}

@inproceedings{olorunda2008measuring,
  title={Measuring exploration/exploitation in particle swarms using swarm diversity},
  author={Olorunda, Olusegun and Engelbrecht, Andries Petrus},
  booktitle={Evolutionary Computation, 2008. CEC 2008.(IEEE World Congress on Computational Intelligence). IEEE Congress on},
  pages={1128--1134},
  year={2008},
  organization={IEEE}
}

@article{pires2013entropy,
  title={Entropy Diversity in Multi-Objective Particle Swarm Optimization},
  author={Pires, Eduardo J Solteiro and Machado, Jos{\'e} A Tenreiro and de Moura Oliveira, Paulo B},
  journal={Entropy},
  volume={15},
  number={12},
  pages={5475--5491},
  year={2013},
  publisher={Multidisciplinary Digital Publishing Institute}
}

@incollection{branke2006selecting,
  title={About selecting the personal best in multi-objective particle swarm optimization},
  author={Branke, J{\"u}rgen and Mostaghim, Sanaz},
  booktitle={Parallel Problem Solving from Nature-PPSN IX},
  pages={523--532},
  year={2006},
  publisher={Springer}
}

@article{chakraborty2011convergence,
  title={On convergence of the multi-objective particle swarm optimizers},
  author={Chakraborty, Prithwish and Das, Swagatam and Roy, Gourab Ghosh and Abraham, Ajith},
  journal={Information Sciences},
  volume={181},
  number={8},
  pages={1411--1425},
  year={2011},
  publisher={Elsevier}
}

@inproceedings{samal2007closed,
  title={A closed loop stability analysis and parameter selection of the particle swarm optimization dynamics for faster convergence},
  author={Samal, Nayan R and Konar, Amit and Das, Swagatam and Abraham, Ajith},
  booktitle={Evolutionary Computation, 2007. CEC 2007. IEEE Congress on},
  pages={1769--1776},
  year={2007},
  organization={IEEE}
}

@inproceedings{schmitt2013particle,
  title={Particle swarm optimization almost surely finds local optima},
  author={Schmitt, Manuel and Wanka, Rolf},
  booktitle={Proceeding of the fifteenth annual conference on Genetic and evolutionary computation conference},
  pages={1629--1636},
  year={2013},
  organization={ACM}
}

@article{clerc2006stagnation,
  title={Stagnation analysis in particle swarm optimisation or what happens when nothing happens},
  author={Clerc, Maurice},
  year={2006}
}

@inproceedings{monson2004kalman,
  title={The Kalman swarm},
  author={Monson, Christopher K and Seppi, Kevin D},
  booktitle={Genetic and Evolutionary Computation--GECCO 2004},
  pages={140--150},
  year={2004},
  organization={Springer}
}

@article{andras2012bayesian,
  title={A {B}ayesian Interpretation of the Particle Swarm Optimization and Its Kernel Extension},
  author={Andras, Peter},
  journal={PloS one},
  volume={7},
  number={11},
  pages={e48710},
  year={2012},
  publisher={Public Library of Science}
}

@article{coello2004handling,
  title={Handling multiple objectives with particle swarm optimization},
  author={Coello, Carlos A Coello and Pulido, Gregorio Toscano and Lechuga, M Salazar},
  journal={Evolutionary Computation, IEEE Transactions on},
  volume={8},
  number={3},
  pages={256--279},
  year={2004},
  publisher={IEEE}
}

@inproceedings{coello2002mopso,
  title={MOPSO: A proposal for multiple objective particle swarm optimization},
  author={Coello Coello, Carlos A and Lechuga, Maximino Salazar},
  booktitle={Evolutionary Computation, 2002. CEC'02. Proceedings of the 2002 Congress on},
  volume={2},
  pages={1051--1056},
  year={2002},
  organization={IEEE}
}

@inproceedings{abido2007two,
  title={Two-level of nondominated solutions approach to multiobjective particle swarm optimization},
  author={Abido, MA},
  booktitle={Proceedings of the 9th annual conference on Genetic and evolutionary computation},
  pages={726--733},
  year={2007},
  organization={ACM}
}

@article{yen2009dynamic,
  title={Dynamic multiple swarms in multiobjective particle swarm optimization},
  author={Yen, Gary G and Leong, Wen Fung},
  journal={Systems, Man and Cybernetics, Part A: Systems and Humans, IEEE Transactions on},
  volume={39},
  number={4},
  pages={890--911},
  year={2009},
  publisher={IEEE}
}

@article{zitzler2000comparison,
  title={Comparison of multiobjective evolutionary algorithms: Empirical results},
  author={Zitzler, Eckart and Deb, Kalyanmoy and Thiele, Lothar},
  journal={Evolutionary computation},
  volume={8},
  number={2},
  pages={173--195},
  year={2000},
  publisher={MIT Press}
}