@article{krause2012submodular,
  title={Submodular function maximization},
  author={Krause, Andreas and Golovin, Daniel},
  journal={Tractability: Practical Approaches to Hard Problems},
  volume={3},
  year={2012}
}

@article{nemhauser1978analysis,
  title={An analysis of approximations for maximizing submodular set functionsâ€”I},
  author={Nemhauser, George L and Wolsey, Laurence A and Fisher, Marshall L},
  journal={Mathematical Programming},
  volume={14},
  number={1},
  pages={265--294},
  year={1978},
  publisher={Springer}
}