@misc{chaincode,
  author = {Cris Luengo},
  title = {How to obtain the chain code},
  howpublished = "\url{http://www.cb.uu.se/~cris/blog/index.php/archives/324}",
  year = {2010}, 
  note = "[Online; posted 27-September-2010]"
}

@misc{wiki:connected_component_labeling,
  author = {Wikipedia},
  title = {{Connected-component labeling --- Wikipedia{,} The Free Encyclopedia}},
  year = {2014},
  url = {http://en.wikipedia.org/w/index.php?title=Connected-component_labeling&oldid=628092153},
  note = "[Online; accessed 4-November-2014]"
}