@techreport{waggener2010air,
  title={Air Land Sea Bulletin. Issue No. 2010-3, September 2010},
  author={Waggener, Bea},
  year={2010},
  institution={DTIC Document}
}

@incollection{goodrich2013toward,
 year={2013},
 isbn={978-3-642-39404-1},
 booktitle={Virtual Augmented and Mixed Reality. Designing and Developing Augmented and Virtual Environments},
 volume={8021},
 series={Lecture Notes in Computer Science},
 editor={Shumaker, Randall},
 doi={10.1007/978-3-642-39405-8_30},
 title={Toward Task-Based Mental Models of Human-Robot Teaming: A Bayesian Approach},
 url={http://dx.doi.org/10.1007/978-3-642-39405-8_30},
 publisher={Springer Berlin Heidelberg},
 author={Goodrich, MichaelA. and Yi, Daqing},
 pages={267-276}
}

@phdthesis{levine2010information,
  title={Information-rich path planning under general constraints using rapidly-exploring random trees},
  author={Levine, Daniel S},
  year={2010},
  school={Citeseer}
}

@INPROCEEDINGS{JonesSchwagerBeltaICRA13scLTLInfo, 
 author={Jones, A. and Schwager, M. and Belta, C.}, 
 booktitle={Robotics and Automation (ICRA), 2013 IEEE International Conference on}, 
 title={A receding horizon algorithm for informative path planning with temporal logic constraints}, 
 year={2013}, 
 month={May}, 
 pages={5019-5024}, 
 keywords={computational complexity;control system synthesis;infinite horizon;information theory;mobile robots;path planning;statistical analysis;temporal logic;baseline exhaustive search approach;computational complexity mitigation;formal control synthesis;information gathering;information theory;informative path planning;mobile sensing robot;reactive on-line solution;receding horizon algorithm;receding horizon approach;statistics;temporal logic constraint;Algorithm design and analysis;Entropy;Mutual information;Robot sensing systems;Trajectory}, 
 doi={10.1109/ICRA.2013.6631294}, 
 ISSN={1050-4729}
}

@article{singh2009efficient,
 author = {Singh, Amarjeet and Krause, Andreas and Guestrin, Carlos and Kaiser, William J.},
 title = {Efficient Informative Sensing Using Multiple Robots},
 journal = {J. Artif. Int. Res.},
 issue_date = {January 2009},
 volume = {34},
 number = {1},
 month = apr,
 year = {2009},
 issn = {1076-9757},
 pages = {707--755},
 numpages = {49},
 url = {http://dl.acm.org/citation.cfm?id=1622716.1622735},
 acmid = {1622735},
 publisher = {AI Access Foundation},
 address = {USA},
}
 
@INPROCEEDINGS{chekuri2005recursive, 
 author={Chekuri, C. and Pal, M.}, 
 booktitle={Foundations of Computer Science, 2005. FOCS 2005. 46th Annual IEEE Symposium on}, 
 title={A recursive greedy algorithm for walks in directed graphs}, 
 year={2005}, 
 month={Oct}, 
 pages={245-253}, 
 keywords={computational complexity;graph theory;greedy algorithms;travelling salesman problems;Steiner problem;directed graphs walk;greedy algorithm;k-traveling salesman problem;orienteering problem;quasi-poly time;quasipolynomial time algorithm;time window problem;Approximation algorithms;Delay;Floors;Greedy algorithms;Optimized production technology;Routing;Steiner trees;Traveling salesman problems;Tree graphs;Vehicles}, 
 doi={10.1109/SFCS.2005.9},
}
 
@INPROCEEDINGS{binney2012branch, 
 author={Binney, Jonathan and Sukhatme, G.}, 
 booktitle={Robotics and Automation (ICRA), 2012 IEEE International Conference on}, 
 title={Branch and bound for informative path planning}, 
 year={2012}, 
 month={May}, 
 pages={2147-2154}, 
 keywords={Gaussian processes;mobile robots;path planning;tree searching;Gaussian process model;branch and bound method;feature selection algorithms;informative path planning;objective function monotonicity;optimal algorithm;Force;Path planning;Planning;Robots;Search problems;Sensors;Upper bound}, 
 doi={10.1109/ICRA.2012.6224902}, 
 ISSN={1050-4729},
}
 
@article{krause2012submodular,
 title={Submodular function maximization},
 author={Krause, Andreas and Golovin, Daniel},
 journal={Tractability: Practical Approaches to Hard Problems},
 volume={3},
 year={2012}
}
 
@article{lewis1986optimal,
 title={Optimal control},
 author={Lewis, FL},
 year={1986},
 publisher={New York [etc.]: Wiley}
}
 
@article{Vansteenwegen20111,
 title = "The orienteering problem: A survey ",
 journal = "European Journal of Operational Research ",
 volume = "209",
 number = "1",
 pages = "1 - 10",
 year = "2011",
 note = "",
 issn = "0377-2217",
 doi = "http://dx.doi.org/10.1016/j.ejor.2010.03.045",
 url = "http://www.sciencedirect.com/science/article/pii/S0377221710002973",
 author = "Pieter Vansteenwegen and Wouter Souffriau and Dirk Van Oudheusden",
 keywords = "Combinatorial optimisation",
 keywords = "Orienteering problem",
 keywords = "Survey "
}
 
@article{megiddo1983maximum,
 title={The maximum coverage location problem},
 author={Megiddo, Nimrod and Zemel, Eitan and Hakimi, S Louis},
 journal={SIAM Journal on Algebraic Discrete Methods},
 volume={4},
 number={2},
 pages={253--261},
 year={1983},
 publisher={SIAM}
}
 