@techreport{waggener2010air,
  title={Air Land Sea Bulletin. Issue No. 2010-3, September 2010},
  author={Waggener, Bea},
  year={2010},
  institution={DTIC Document}
}

@incollection{goodrich2013toward,
  title={Toward Task-Based Mental Models of Human-Robot Teaming: A {B}ayesian Approach},
  author={Goodrich, Michael A and Yi, Daqing},
  booktitle={Virtual Augmented and Mixed Reality. Designing and Developing Augmented and Virtual Environments},
  pages={267--276},
  year={2013},
  publisher={Springer}
}

@phdthesis{levine2010information,
  title={Information-rich path planning under general constraints using rapidly-exploring random trees},
  author={Levine, Daniel S},
  year={2010},
  school={Citeseer}
}

@inproceedings{JonesSchwagerBeltaICRA13scLTLInfo,
  author = {A. Jones and M. Schwager and C. Belta}, 
  title = {A Receding Horizon Algorithm for Informative Path Planning with Temporal Logic Constraints},
  booktitle = {Proc. of the IEEE International Conference on Robotics and Automation (ICRA 13)},
  month = {May},
  year = {2013}
}

@article{singh2009efficient,
  title={Efficient informative sensing using multiple robots},
  author={Singh, A. and Krause, A. and Guestrin, C. and Kaiser, W.J.},
  journal={Journal of Artificial Intelligence Research},
  volume={34},
  number={2},
  pages={707},
  year={2009}
}

@inproceedings{chekuri2005recursive,
   title={A recursive greedy algorithm for walks in directed graphs},
   author={Chekuri, C. and Pal, M.},
   booktitle={Foundations of Computer Science, 2005. FOCS 2005. 46th Annual IEEE Symposium on},
   pages={245--253},
   year={2013},
   organization={IEEE}
}
 
@inproceedings{binney2012branch,
   title={Branch and bound for informative path planning},
   author={Binney, J. and Sukhatme, G.S.},
   booktitle={Robotics and Automation (ICRA), 2012 IEEE International Conference on},
   pages={2147--2154},
   year={2012},
   organization={IEEE}
}
 
@article{krause2012submodular,
   title={Submodular function maximization},
   author={Krause, Andreas and Golovin, Daniel},
   journal={Tractability: Practical Approaches to Hard Problems},
   volume={3},
   year={2012}
}
 
@article{lewis1986optimal,
   title={Optimal control},
   author={Lewis, FL},
   year={1986},
   publisher={New York [etc.]: Wiley}
}
 
@article{Vansteenwegen20111,
 title = "The orienteering problem: A survey ",
 journal = "European Journal of Operational Research ",
 volume = "209",
 number = "1",
 pages = "1 - 10",
 year = "2011",
 note = "",
 issn = "0377-2217",
 doi = "http://dx.doi.org/10.1016/j.ejor.2010.03.045",
 url = "http://www.sciencedirect.com/science/article/pii/S0377221710002973",
 author = "Pieter Vansteenwegen and Wouter Souffriau and Dirk Van Oudheusden",
 keywords = "Combinatorial optimisation",
 keywords = "Orienteering problem",
 keywords = "Survey "
}
 
@article{megiddo1983maximum,
   title={The maximum coverage location problem},
   author={Megiddo, Nimrod and Zemel, Eitan and Hakimi, S Louis},
   journal={SIAM Journal on Algebraic Discrete Methods},
   volume={4},
   number={2},
   pages={253--261},
   year={1983},
   publisher={SIAM}
}