@inproceedings{Henderson:2009:ALD:1529282.1529607,
 author = {Henderson, Keith and Eliassi-Rad, Tina},
 title = {Applying Latent Dirichlet Allocation to Group Discovery in Large Graphs},
 booktitle = {Proceedings of the 2009 ACM Symposium on Applied Computing},
 series = {SAC '09},
 year = {2009},
 isbn = {978-1-60558-166-8},
 location = {Honolulu, Hawaii},
 pages = {1456--1461},
 numpages = {6},
 url = {http://doi.acm.org/10.1145/1529282.1529607},
 doi = {10.1145/1529282.1529607},
 acmid = {1529607},
 publisher = {ACM},
 address = {New York, NY, USA},
 keywords = {graph mining, group discovery, latent dirichlet allocation, social network analysis},
} 

@INPROCEEDINGS{4258697, 
	author={Zhang, Haizheng and Baojun Qiu and Giles, C.L. and Foley, Henry C. and Yen, J.}, 
	booktitle={Intelligence and Security Informatics, 2007 IEEE}, 
	title={An LDA-based Community Structure Discovery Approach for Large-Scale Social Networks}, 
	year={2007}, 
	month={May}, 
	pages={200-207}, 
	keywords={belief networks;groupware;social aspects of automation;LDA-based community structure discovery approach;hierarchical Bayesian algorithm;large-scale social network;latent Dirichlet allocation;Application software;Bayesian methods;Biological system modeling;Biology;Collaborative work;Computer science;Graphical models;Large-scale systems;Linear discriminant analysis;Social network services}, 
	doi={10.1109/ISI.2007.379553},
}

@ARTICLE{ chang:relational,
	AUTHOR = "Jonathan Chang and David M. Blei",
	TITLE = "Relational Topic Models for Document Networks",
	JOURNAL = "Journal of Machine Learning Research - Proceedings Track",
	PAGES = {81-88},
	YEAR = {2009},
}

@article{Blei:2003:LDA:944919.944937,
	author = {Blei, David M. and Ng, Andrew Y. and Jordan, Michael I.},
	title = {Latent Dirichlet Allocation},
	journal = {J. Mach. Learn. Res.},
	issue_date = {3/1/2003},
	volume = {3},
	month = mar,
	year = {2003},
	issn = {1532-4435},
	pages = {993--1022},
	numpages = {30},
	url = {http://dl.acm.org/citation.cfm?id=944919.944937},
	acmid = {944937},
	publisher = {JMLR.org},
}

@inproceedings{Cha:2012:SAU:2348283.2348360,
	author = {Cha, Youngchul and Cho, Junghoo},
	title = {Social-network Analysis Using Topic Models},
	booktitle = {Proceedings of the 35th International ACM SIGIR Conference on Research and Development in Information Retrieval},
	series = {SIGIR '12},
	year = {2012},
	isbn = {978-1-4503-1472-5},
	location = {Portland, Oregon, USA},
	pages = {565--574},
	numpages = {10},
	url = {http://doi.acm.org/10.1145/2348283.2348360},
	doi = {10.1145/2348283.2348360},
	acmid = {2348360},
	publisher = {ACM},
	address = {New York, NY, USA},
	keywords = {handling popular nodes, latent dirichlet allocation, social-network analysis, topic model},
} 



