@inproceedings{mei2005deployment,
  title={Deployment strategy for mobile robots with energy and timing constraints},
  author={Mei, Yongguo and Lu, Yung-Hsiang and Hu, Y Charlie and Lee, CS George},
  booktitle={Robotics and Automation, 2005. ICRA 2005. Proceedings of the 2005 IEEE International Conference on},
  pages={2816--2821},
  year={2005},
  organization={IEEE}
}

@article{howlett2006learning,
  title={Learning real-time A* path planner for unmanned air vehicle target sensing},
  author={Howlett, Jason K and McLain, Timothy W and Goodrich, Michael A},
  journal={Journal of Aerospace Computing, Information, and Communication},
  volume={3},
  number={3},
  pages={108--122},
  year={2006}
}

@ARTICLE{4358754, 
author={Qingfu Zhang and Hui Li}, 
journal={Evolutionary Computation, IEEE Transactions on}, 
title={MOEA/D: A Multiobjective Evolutionary Algorithm Based on Decomposition}, 
year={2007}, 
month={Dec}, 
volume={11}, 
number={6}, 
pages={712-731}, 
keywords={computational complexity;genetic algorithms;computational complexity;decomposition;genetic algorithm;knapsack problem;multiobjective evolutionary algorithm;scalar optimization subproblem;Computational complexity;Pareto optimality;decomposition;evolutionary algorithm;multiobjective optimization}, 
doi={10.1109/TEVC.2007.892759}, 
ISSN={1089-778X},}

@article{Karaman:2011:SAO:2000201.2000209,
 author = {Karaman, Sertac and Frazzoli, Emilio},
 title = {Sampling-based Algorithms for Optimal Motion Planning},
 journal = {Int. J. Rob. Res.},
 issue_date = {June      2011},
 volume = {30},
 number = {7},
 month = jun,
 year = {2011},
 issn = {0278-3649},
 pages = {846--894},
 numpages = {49},
 url = {http://dx.doi.org/10.1177/0278364911406761},
 doi = {10.1177/0278364911406761},
 acmid = {2000209},
 publisher = {Sage Publications, Inc.},
 address = {Thousand Oaks, CA, USA},
 keywords = {Motion planning, optimal path planning, random geometric graphs, sampling-based algorithms},
} 

@inproceedings{Karaman.Frazzoli:RSS10,
  Address = {Zaragoza, Spain},
  Author = {S. Karaman and E. Frazzoli},
  Booktitle = {Robotics: Science and Systems (RSS)},
  Date-Modified = {2012-12-27 21:13:55 +0000},
  Month = {June},
  Title = {Incremental Sampling-based Algorithms for Optimal Motion Planning},
  Year = {2010}}
  
@inproceedings{Mandow:2005:NAM:1642293.1642328,
  author = {Mandow, L. and Mandow, L. and De la Cruz, J. L. P\'{}erez and De la Cruz, J. L. P\'{}erez},
  title = {A New Approach to Multiobjective A* Search},
  booktitle = {Proceedings of the 19th International Joint Conference on Artificial Intelligence},
  series = {IJCAI'05},
  year = {2005},
  location = {Edinburgh, Scotland},
  pages = {218--223},
  numpages = {6},
  url = {http://dl.acm.org/citation.cfm?id=1642293.1642328},
  acmid = {1642328},
  publisher = {Morgan Kaufmann Publishers Inc.},
  address = {San Francisco, CA, USA},
 } 
 
@article{Ahmed2013,
	year={2013},
	issn={1432-7643},
	journal={Soft Computing},
	volume={17},
	number={7},
	doi={10.1007/s00500-012-0964-8},
	title={Multi-objective optimal path planning using elitist non-dominated sorting genetic algorithms},
	url={http://dx.doi.org/10.1007/s00500-012-0964-8},
	publisher={Springer-Verlag},
	keywords={Multi-objective path planning; Potential field; Path length; Path safety; Path smoothness; NSGA-II; Genetic algorithms},
	author={Ahmed, Faez and Deb, Kalyanmoy},
	pages={1283-1299},
	language={English}
}

@INPROCEEDINGS{6181426, 
	author={Ahmed, F. and Deb, K.}, 
	booktitle={Robotics and Biomimetics (ROBIO), 2011 IEEE International Conference on}, 
	title={Multi-objective path planning using spline representation}, 
	year={2011}, 
	month={Dec}, 
	pages={1047-1052}, 
	keywords={collision avoidance;genetic algorithms;mobile robots;piecewise polynomial techniques;splines (mathematics);B-splines;NSGA-II algorithm;artificial potential field;autonomous vehicle;feasible paths;goal point;multiobjective path planning;multiobjective problem;obstacle hindrance;off-line point to point navigation;path length;path planning problem;path representation methodology;piecewise polynomial;safe paths;safety measures;smooth paths;spline representation;vehicle viability;visibility measure;Optimization;Path planning;Polynomials;Robots;Safety;Sensors;Spline}, 
	doi={10.1109/ROBIO.2011.6181426},}

@article{Castillo2007,
	year={2007},
	issn={1432-7643},
	journal={Soft Computing},
	volume={11},
	number={3},
	doi={10.1007/s00500-006-0068-4},
	title={Multiple Objective Genetic Algorithms for Path-planning Optimization in Autonomous Mobile Robots},
	url={http://dx.doi.org/10.1007/s00500-006-0068-4},
	publisher={Springer-Verlag},
	keywords={Multiple objective optimization; Genetic algorithms; Autonomous robots; Path planning},
	author={Castillo, Oscar and Trujillo, Leonardo and Melin, Patricia},
	pages={269-279},
	language={English}
}

@INPROCEEDINGS{5160222, 
	author={Sujit, P.B. and Beard, R.}, 
	booktitle={American Control Conference, 2009. ACC '09.}, 
	title={Multiple UAV path planning using anytime algorithms}, 
	year={2009}, 
	month={June}, 
	pages={2978-2983}, 
	keywords={aircraft navigation;collision avoidance;particle swarm optimisation;remotely operated vehicles;UAV flight path;UAV guidance law;anytime algorithm;collision course;missile guidance;moving obstacle;multiple UAV path planning;obstacle rich environment;optimal path;particle swarm optimization;pursuit guidance law;unmanned aerial vehicle;Computational modeling;Computer vision;Missiles;Navigation;Particle swarm optimization;Partitioning algorithms;Path planning;Pursuit algorithms;Unmanned aerial vehicles;Vehicle dynamics}, 
	doi={10.1109/ACC.2009.5160222}, 
	ISSN={0743-1619},}

@inproceedings{yi2014supporting,
	title={Supporting task-oriented collaboration in human-robot teams using semantic-based path planning},
	author={Yi, Daqing and Goodrich, Michael A},
	booktitle={Proc. SPIE 9084, Unmanned Systems Technology XVI},
	volume={9084},
	year={2014}
}

@ARTICLE{6600851, 
	author={Deb, K. and Jain, H.}, 
	journal={Evolutionary Computation, IEEE Transactions on}, 
	title={An Evolutionary Many-Objective Optimization Algorithm Using Reference-Point-Based Nondominated Sorting Approach, Part I: Solving Problems With Box Constraints}, 
	year={2014}, 
	month={Aug}, 
	volume={18}, 
	number={4}, 
	pages={577-601}, 
	keywords={genetic algorithms;sorting;EMO algorithms;MOEA/D methods;NSGA-II framework;NSGA-III;box constraints;evolutionary many-objective optimization algorithm;evolutionary multiobjective optimization algorithms;many-objective optimization problems;many-objective test problems;reference points;reference-point-based many-objective evolutionary algorithm;reference-point-based nondominated sorting approach;unconstrained problems;Educational institutions;Measurement;Optimization;Sociology;Statistics;Vectors;Zirconium;Evolutionary computation;Many-objective optimization;NSGA-III;evolutionary computation;large dimension;many-objective optimization;multi-criterion optimization;multicriterion optimization;non-dominated sorting;nondominated sorting}, 
	doi={10.1109/TEVC.2013.2281535}, 
	ISSN={1089-778X},}

@incollection{Pires2004,
	year={2004},
	isbn={978-3-540-22344-3},
	booktitle={Genetic and Evolutionary Computation â€“ GECCO 2004},
	volume={3102},
	series={Lecture Notes in Computer Science},
	editor={Deb, Kalyanmoy},
	doi={10.1007/978-3-540-24854-5_64},
	title={Robot Trajectory Planning Using Multi-objective Genetic Algorithm Optimization},
	url={http://dx.doi.org/10.1007/978-3-540-24854-5_64},
	publisher={Springer Berlin Heidelberg},
	author={Pires, E.J.Solteiro and Machado, J.A.Tenreiro and de Moura Oliveira, P.B.},
	pages={615-626},
	language={English}
}

@book{miettinen1999nonlinear,
	title={Nonlinear multiobjective optimization},
	author={Miettinen, Kaisa},
	volume={12},
	year={1999},
	publisher={Springer}
}

@article{marler2004survey,
	title={Survey of multi-objective optimization methods for engineering},
	author={Marler, R Timothy and Arora, Jasbir S},
	journal={Structural and multidisciplinary optimization},
	volume={26},
	number={6},
	pages={369--395},
	year={2004},
	publisher={Springer}
}

@manual{moo:lec2,
	title  = {Classic Methods for Multi-Objective Optimization},
	author = {Giuseppe Narzisi},
	url    = {http://cims.nyu.edu/~gn387/glp/lec2.pdf},
	year   = {January 2008}
}