@inproceedings{Briggs:2011:FMM:2132890.2132916,
 author = {Briggs, Gordon and Scheutz, Matthias},
 title = {Facilitating Mental Modeling in Collaborative Human-robot Interaction Through Adverbial Cues},
 booktitle = {Proceedings of the SIGDIAL 2011 Conference},
 series = {SIGDIAL '11},
 year = {2011},
 isbn = {978-1-937284-10-7},
 location = {Portland, Oregon},
 pages = {239--247},
 numpages = {9},
 url = {http://dl.acm.org/citation.cfm?id=2132890.2132916},
 acmid = {2132916},
 publisher = {Association for Computational Linguistics},
 address = {Stroudsburg, PA, USA},
} 

@incollection{SchusterJentsch2013,
year={2013},
isbn={978-3-642-39404-1},
booktitle={Virtual Augmented and Mixed Reality. Designing and Developing Augmented and Virtual Environments},
volume={8021},
series={Lecture Notes in Computer Science},
editor={Shumaker, Randall},
doi={10.1007/978-3-642-39405-8_35},
title={Increasing Robot Autonomy Effectively Using the Science of Teams},
url={http://dx.doi.org/10.1007/978-3-642-39405-8_35},
publisher={Springer Berlin Heidelberg},
keywords={Human-robot interaction; system design; situation awareness},
author={Schuster, David and Jentsch, Florian},
pages={313-320}
}

@inproceedings{conf/aaai/TellexKDWBTR11,
  added-at = {2011-08-09T00:00:00.000+0200},
  author = {Tellex, Stefanie and Kollar, Thomas and Dickerson, Steven and Walter, Matthew R. and Banerjee, Ashis Gopal and Teller, Seth J. and Roy, Nicholas},
  biburl = {http://www.bibsonomy.org/bibtex/2544c98b2a7f325739db444e3038d1736/dblp},
  booktitle = {AAAI},
  crossref = {conf/aaai/2011},
  editor = {Burgard, Wolfram and Roth, Dan},
  ee = {http://www.aaai.org/ocs/index.php/AAAI/AAAI11/paper/view/3623},
  interhash = {94e7a27fd47f749c6503248d49f0497b},
  intrahash = {544c98b2a7f325739db444e3038d1736},
  keywords = {dblp},
  publisher = {AAAI Press},
  timestamp = {2011-08-09T00:00:00.000+0200},
  title = {Understanding Natural Language Commands for Robotic Navigation and Mobile Manipulation.},
  url = {http://dblp.uni-trier.de/db/conf/aaai/aaai2011.html#TellexKDWBTR11},
  year = 2011
}

@INPROCEEDINGS{6696345, 
author={Fasola, J. and Mataric, M.J.}, 
booktitle={Intelligent Robots and Systems (IROS), 2013 IEEE/RSJ International Conference on}, 
title={Using semantic fields to model dynamic spatial relations in a robot architecture for natural language instruction of service robots}, 
year={2013}, 
month={Nov}, 
pages={143-150}, 
keywords={interactive systems;mobile robots;natural language interfaces;robot programming;service robots;software architecture;2D home environment;dynamic spatial relations;interactive instruction;mobile robot simulation;natural language commands;natural language instruction;nonexpert users;real world environment maps;robot software architecture;semantic field model;service robots;spatial language understanding;system modules;task modification;user-specified constraints;Computational modeling;Grounding;Natural languages;Semantics;Service robots;Syntactics}, 
doi={10.1109/IROS.2013.6696345}, 
ISSN={2153-0858},}

@INPROCEEDINGS{5453186, 
author={Kollar, T. and Tellex, S. and Roy, D. and Roy, N.}, 
booktitle={Human-Robot Interaction (HRI), 2010 5th ACM/IEEE International Conference on}, 
title={Toward understanding natural language directions}, 
year={2010}, 
month={March}, 
pages={259-266}, 
keywords={computational linguistics;human-robot interaction;natural languages;probability;Flickr;cooccurrence statistics;human-robot interaction;linguistics;natural language;probabilistic graphical model;Computational geometry;Data mining;Graphical models;Human robot interaction;Image databases;Information geometry;Natural languages;Object detection;Object oriented databases;Statistics;direction understanding;route instructions;spatial language}, 
doi={10.1109/HRI.2010.5453186},}

@INPROCEEDINGS{6343895, 
author={Medina, J.R. and Shelley, M. and Dongheui Lee and Takano, W. and Hirche, S.}, 
booktitle={RO-MAN, 2012 IEEE}, 
title={Towards interactive physical robotic assistance: Parameterizing motion primitives through natural language}, 
year={2012}, 
month={Sept}, 
pages={1097-1102}, 
keywords={hidden Markov models;human-robot interaction;learning (artificial intelligence);natural language interfaces;path planning;probability;2 DoF virtual scenario;cooperative transportation tasks;environmental features;environmental properties;interactive physical robotic assistance;learning dependencies;learning relations;motion primitive parameterization;motion symbols;natural language interaction model;navigation primitive generation;nonlinear dependency estimation;parameterized left-to-right time-based hidden Markov models;physical coupling;physical human-robot interaction;transition probabilities;words features;Haptic interfaces;Hidden Markov models;Humans;Joints;Natural languages;Robots;Standards}, 
doi={10.1109/ROMAN.2012.6343895}, 
ISSN={1944-9445},}

@INPROCEEDINGS{6696345, 
author={Fasola, J. and Mataric, M.J.}, 
booktitle={Intelligent Robots and Systems (IROS), 2013 IEEE/RSJ International Conference on}, 
title={Using semantic fields to model dynamic spatial relations in a robot architecture for natural language instruction of service robots}, 
year={2013}, 
month={Nov}, 
pages={143-150}, 
keywords={interactive systems;mobile robots;natural language interfaces;robot programming;service robots;software architecture;2D home environment;dynamic spatial relations;interactive instruction;mobile robot simulation;natural language commands;natural language instruction;nonexpert users;real world environment maps;robot software architecture;semantic field model;service robots;spatial language understanding;system modules;task modification;user-specified constraints;Computational modeling;Grounding;Natural languages;Semantics;Service robots;Syntactics}, 
doi={10.1109/IROS.2013.6696345}, 
ISSN={2153-0858},}

@incollection{
year={2014},
isbn={978-3-642-28571-4},
booktitle={Experimental Robotics},
volume={79},
series={Springer Tracts in Advanced Robotics},
editor={Khatib, Oussama and Kumar, Vijay and Sukhatme, Gaurav},
doi={10.1007/978-3-642-28572-1_3},
title={Grounding Verbs of Motion in Natural Language Commands to Robots},
url={http://dx.doi.org/10.1007/978-3-642-28572-1_3},
publisher={Springer Berlin Heidelberg},
author={Kollar, Thomas and Tellex, Stefanie and Roy, Deb and Roy, Nicholas},
pages={31-47}
}

@INPROCEEDINGS{6144906, 
author={Matson, E.T. and Taylor, J. and Raskin, V. and Byung-Cheol Min and Wilson, E.C.}, 
booktitle={Automation, Robotics and Applications (ICARA), 2011 5th International Conference on}, 
title={A natural language exchange model for enabling human, agent, robot and machine interaction}, 
year={2011}, 
month={Dec}, 
pages={340-345}, 
keywords={artificial intelligence;human-robot interaction;natural language interfaces;software agents;agent interaction;collective intelligence;communicative model;cooperative organization;heterogeneous agent;human interaction;machine interaction;natural language exchange model;natural language interface;open system;robot interaction;software agent;Humans;Natural languages;Ontologies;Organizations;Robots;Semantics;Syntactics}, 
doi={10.1109/ICARA.2011.6144906},}

@incollection{goodrich2013toward,
year={2013},
isbn={978-3-642-39404-1},
booktitle={Virtual Augmented and Mixed Reality. Designing and Developing Augmented and Virtual Environments},
volume={8021},
series={Lecture Notes in Computer Science},
editor={Shumaker, Randall},
doi={10.1007/978-3-642-39405-8_30},
title={Toward Task-Based Mental Models of Human-Robot Teaming: A Bayesian Approach},
url={http://dx.doi.org/10.1007/978-3-642-39405-8_30},
publisher={Springer Berlin Heidelberg},
author={Goodrich, MichaelA. and Yi, Daqing},
pages={267-276}
}

@ARTICLE{4136857, 
author={Stubbs, K. and Wettergreen, D. and Hinds, P.J.}, 
journal={Intelligent Systems, IEEE}, 
title={Autonomy and Common Ground in Human-Robot Interaction: A Field Study}, 
year={2007}, 
month={March}, 
volume={22}, 
number={2}, 
pages={42-50}, 
keywords={man-machine systems;mobile robots;autonomous mobile robots;collaborative human-robot system;grounding process;human-robot interaction;Cognitive science;Collaboration;Collaborative work;Ground support;Grounding;Human robot interaction;Microorganisms;Mobile robots;Robot kinematics;Robot sensing systems;common ground;exploration robotics;grounding;human-robot interaction;robot autonomy}, 
doi={10.1109/MIS.2007.21}, 
ISSN={1541-1672},}

@ARTICLE{5585740, 
author={Deb, K. and Sinha, A. and Korhonen, P.J. and Wallenius, J.}, 
journal={Evolutionary Computation, IEEE Transactions on}, 
title={An Interactive Evolutionary Multiobjective Optimization Method Based on Progressively Approximated Value Functions}, 
year={2010}, 
month={Oct}, 
volume={14}, 
number={5}, 
pages={723-739}, 
keywords={evolutionary computation;iterative methods;approximated value functions;decision maker;interactive NSGA-II approach;interactive evolutionary multiobjective optimization method;monotone value function;preference-based domination principle;preference-based methodology;preference-based termination criterion;subsequent iterations;Clustering algorithms;Decision making;Delta modulation;Economics;Optimization;Polynomials;Probability;Evolutionary multiobjective optimization (EMO) algorithms;interactive multiobjective optimization algorithm;multiple criteria decision-making;preference-based multiobjective optimization;sequential quadratic programming (SQP)}, 
doi={10.1109/TEVC.2010.2064323}, 
ISSN={1089-778X},}

@incollection{LebiereJentschOsosky2013,
year={2013},
isbn={978-3-642-39404-1},
booktitle={Virtual Augmented and Mixed Reality. Designing and Developing Augmented and Virtual Environments},
volume={8021},
series={Lecture Notes in Computer Science},
editor={Shumaker, Randall},
doi={10.1007/978-3-642-39405-8_32},
title={Cognitive Models of Decision Making Processes for Human-Robot Interaction},
url={http://dx.doi.org/10.1007/978-3-642-39405-8_32},
publisher={Springer Berlin Heidelberg},
keywords={Human-robot interaction; shared mental models; cognitive modeling; cognitive architectures; ACT-R; decision trees},
author={Lebiere, Christian and Jentsch, Florian and Ososky, Scott},
pages={285-294}
}

