@INPROCEEDINGS{4223164, 
author={Bratton, D. and Kennedy, J.}, 
booktitle={Swarm Intelligence Symposium, 2007. SIS 2007. IEEE}, 
title={Defining a Standard for Particle Swarm Optimization}, 
year={2007}, 
month={April}, 
pages={120-127}, 
keywords={particle swarm optimisation;testing;heuristic technique;particle swarm optimization;performance testing;Algorithm design and analysis;Biological system modeling;Birds;Educational institutions;Mathematical model;Measurement standards;Particle swarm optimization;Standards development;Statistics;Testing}, 
doi={10.1109/SIS.2007.368035},}

@INPROCEEDINGS{4424687, 
author={Samal, N.R. and Konar, A. and Das, S. and Abraham, A.}, 
booktitle={Evolutionary Computation, 2007. CEC 2007. IEEE Congress on}, 
title={A closed loop stability analysis and parameter selection of the Particle Swarm Optimization dynamics for faster convergence}, 
year={2007}, 
month={Sept}, 
pages={1769-1776}, 
keywords={closed loop systems;feedback;nonlinear systems;particle swarm optimisation;stability;PSO dynamics;acceleration coefficients;closed loop stability analysis;feedback path;nonlinear element model;parameter selection;particle swarm optimization dynamics;root locus technique;stability behavior;Acceleration;Computer simulation;Control system analysis;Control systems;Convergence;Feedback;Nonlinear dynamical systems;Particle swarm optimization;Stability analysis;System testing}, 
doi={10.1109/CEC.2007.4424687},}

@article{vandenBergh:2010:CPP:2010420.2010421,
 author = {van den Bergh, Frans and Engelbrecht, Andries Petrus},
 title = {A Convergence Proof for the Particle Swarm Optimiser},
 journal = {Fundam. Inf.},
 issue_date = {December 2010},
 volume = {105},
 number = {4},
 month = dec,
 year = {2010},
 issn = {0169-2968},
 pages = {341--374},
 numpages = {34},
 url = {http://dl.acm.org/citation.cfm?id=2010420.2010421},
 acmid = {2010421},
 publisher = {IOS Press},
 address = {Amsterdam, The Netherlands, The Netherlands},
 keywords = {Particle swarm optimisation, convergence proofs, global convergence, local convergence, stochastic optimisation},
} 

@article{Poli:2008:DSS:1384929.1384944,
 author = {Poli, Riccardo},
 title = {Dynamics and Stability of the Sampling Distribution of Particle Swarm Optimisers via Moment Analysis},
 journal = {J. Artif. Evol. App.},
 issue_date = {January 2008},
 volume = {2008},
 month = jan,
 year = {2008},
 issn = {1687-6229},
 pages = {15:1--15:10},
 articleno = {15},
 numpages = {10},
 url = {http://dx.doi.org/10.1155/2008/761459},
 doi = {10.1155/2008/761459},
 acmid = {1384944},
 publisher = {Hindawi Publishing Corp.},
 address = {New York, NY, United States},
} 

@inproceedings{Poli:2007:EAS:1276958.1276977,
 author = {Poli, Riccardo and Broomhead, David},
 title = {Exact Analysis of the Sampling Distribution for the Canonical Particle Swarm Optimiser and Its Convergence During Stagnation},
 booktitle = {Proceedings of the 9th Annual Conference on Genetic and Evolutionary Computation},
 series = {GECCO '07},
 year = {2007},
 isbn = {978-1-59593-697-4},
 location = {London, England},
 pages = {134--141},
 numpages = {8},
 url = {http://doi.acm.org/10.1145/1276958.1276977},
 doi = {10.1145/1276958.1276977},
 acmid = {1276977},
 publisher = {ACM},
 address = {New York, NY, USA},
 keywords = {particle swarm optimisation, theory},
}

@ARTICLE{5175367, 
author={Poli, R.}, 
journal={Evolutionary Computation, IEEE Transactions on}, 
title={Mean and Variance of the Sampling Distribution of Particle Swarm Optimizers During Stagnation}, 
year={2009}, 
month={Aug}, 
volume={13}, 
number={4}, 
pages={712-721}, 
keywords={particle swarm optimisation;sampling methods;stochastic processes;particle swarm optimization;sampling distribution;stagnation;stochasticity;PSO theory;Particle swarm optimization;sampling distribution;stagnation}, 
doi={10.1109/TEVC.2008.2011744}, 
ISSN={1089-778X},}

@article{Chakraborty20111411,
title = "On convergence of the multi-objective particle swarm optimizers ",
journal = "Information Sciences ",
volume = "181",
number = "8",
pages = "1411 - 1425",
year = "2011",
note = "",
issn = "0020-0255",
doi = "http://dx.doi.org/10.1016/j.ins.2010.11.036",
url = "http://www.sciencedirect.com/science/article/pii/S002002551000589X",
author = "Prithwish Chakraborty and Swagatam Das and Gourab Ghosh Roy and Ajith Abraham",
keywords = "Evolutionary algorithms",
keywords = "Particle swarm optimization",
keywords = "Pareto optimality",
keywords = "Pareto dominance",
keywords = "Convergence",
keywords = "Mathematical analysis",
keywords = "Z-transform "
}

@inproceedings{Schmitt:2013:PSO:2463372.2463563,
 author = {Schmitt, Manuel and Wanka, Rolf},
 title = {Particle Swarm Optimization Almost Surely Finds Local Optima},
 booktitle = {Proceeding of the Fifteenth Annual Conference on Genetic and Evolutionary Computation Conference},
 series = {GECCO '13},
 year = {2013},
 isbn = {978-1-4503-1963-8},
 location = {Amsterdam, The Netherlands},
 pages = {1629--1636},
 numpages = {8},
 url = {http://doi.acm.org/10.1145/2463372.2463563},
 doi = {10.1145/2463372.2463563},
 acmid = {2463563},
 publisher = {ACM},
 address = {New York, NY, USA},
 keywords = {fitness landscapes, particle swarm optimization, quality of solution},
} 

@ARTICLE{1637686, 
author={Kadirkamanathan, V. and Selvarajah, K. and Fleming, P.J.}, 
journal={Evolutionary Computation, IEEE Transactions on}, 
title={Stability analysis of the particle dynamics in particle swarm optimizer}, 
year={2006}, 
month={June}, 
volume={10}, 
number={3}, 
pages={245-255}, 
keywords={Lyapunov methods;feedback;nonlinear control systems;particle swarm optimisation;stability;Lyapunov stability analysis;inertia factor;nonlinear feedback controlled system;particle dynamics;particle swarm optimizer;random parameter;Feedback;Genetic algorithms;Lyapunov method;Nonlinear dynamical systems;Particle swarm optimization;Predictive models;Stability analysis;Stochastic processes;Sufficient conditions;Time varying systems;Absolute stability;Lyapunov stability;circle criterion;particle swarm optimization (PSO);stability analysis}, 
doi={10.1109/TEVC.2005.857077}, 
ISSN={1089-778X},}

@TECHREPORT{Clerc06stagnationanalysis,
    author = {Maurice Clerc and Edited Riccardo Poli},
    title = {Stagnation analysis in particle swarm optimisation or what happens when nothing happens},
    institution = {},
    year = {2006}
}

@article{Jiang20078,
title = "Stochastic convergence analysis and parameter selection of the standard particle swarm optimization algorithm ",
journal = "Information Processing Letters ",
volume = "102",
number = "1",
pages = "8 - 16",
year = "2007",
note = "",
issn = "0020-0190",
doi = "http://dx.doi.org/10.1016/j.ipl.2006.10.005",
url = "http://www.sciencedirect.com/science/article/pii/S0020019006003103",
author = "M. Jiang and Y.P. Luo and S.Y. Yang",
keywords = "Particle swarm optimization",
keywords = "Analysis of algorithms",
keywords = "Stochastic convergence analysis",
keywords = "Stochastic optimization",
keywords = "Parameter selection "
}

@ARTICLE{5675669, 
author={Fernandez-Martinez, J.L. and Garcia-Gonzalo, E.}, 
journal={Evolutionary Computation, IEEE Transactions on}, 
title={Stochastic Stability Analysis of the Linear Continuous and Discrete PSO Models}, 
year={2011}, 
month={June}, 
volume={15}, 
number={3}, 
pages={405-423}, 
keywords={particle swarm optimisation;stochastic programming;GPSO second order trajectory;cost function;discrete PSO model;generalized PSO algorithm;linear continuous PSO model;oscillation center dynamics;particle swarm optimization;stochastic damped mass-spring system;stochastic stability analysis;Analytical models;Differential equations;Mathematical model;Oscillators;Stability analysis;Stochastic processes;Trajectory;Convergence;generalized PSO (GPSO);particle swarm optimization (PSO);stochastic stability analysis}, 
doi={10.1109/TEVC.2010.2053935}, 
ISSN={1089-778X},}

@article{Trelea2003317,
title = "The particle swarm optimization algorithm: convergence analysis and parameter selection ",
journal = "Information Processing Letters ",
volume = "85",
number = "6",
pages = "317 - 325",
year = "2003",
note = "",
issn = "0020-0190",
doi = "http://dx.doi.org/10.1016/S0020-0190(02)00447-7",
url = "http://www.sciencedirect.com/science/article/pii/S0020019002004477",
author = "Ioan Cristian Trelea",
keywords = "Particle swarm optimization",
keywords = "Stochastic optimization",
keywords = "Analysis of algorithms",
keywords = "Parallel algorithms "
}

@ARTICLE{985692, 
author={Clerc, M. and Kennedy, J.}, 
journal={Evolutionary Computation, IEEE Transactions on}, 
title={The particle swarm - explosion, stability, and convergence in a multidimensional complex space}, 
year={2002}, 
month={Feb}, 
volume={6}, 
number={1}, 
pages={58-73}, 
keywords={convergence of numerical methods;genetic algorithms;numerical stability;search problems;convergence;evolutionary computation;multidimensional complex space;optimization;particle swarm;particle trajectory;search spaces;stability;Algorithm design and analysis;Control system synthesis;Convergence;Evolutionary computation;Multidimensional systems;Optimization methods;Particle swarm optimization;Stability;Stochastic systems;Testing}, 
doi={10.1109/4235.985692}, 
ISSN={1089-778X},}

@article{Jiang2001857,
title = "Input-to-state stability for discrete-time nonlinear systems ",
journal = "Automatica ",
volume = "37",
number = "6",
pages = "857 - 869",
year = "2001",
note = "",
issn = "0005-1098",
doi = "http://dx.doi.org/10.1016/S0005-1098(01)00028-0",
url = "http://www.sciencedirect.com/science/article/pii/S0005109801000280",
author = "Zhong-Ping Jiang and Yuan Wang",
keywords = "Nonlinear stability",
keywords = "Discrete time systems",
keywords = "Lyapunov functions",
keywords = "Input-to-state stability",
keywords = "Nonlinear small-gain "
}

