@article{clerc2002particle,
  title={The particle swarm-explosion, stability, and convergence in a multidimensional complex space},
  author={Clerc, Maurice and Kennedy, James},
  journal={Evolutionary Computation, IEEE Transactions on},
  volume={6},
  number={1},
  pages={58--73},
  year={2002},
  publisher={IEEE}
}

@article{trelea2003particle,
  title={The particle swarm optimization algorithm: convergence analysis and parameter selection},
  author={Trelea, Ioan Cristian},
  journal={Information processing letters},
  volume={85},
  number={6},
  pages={317--325},
  year={2003},
  publisher={Elsevier}
}

@inproceedings{samal2007closed,
  title={A closed loop stability analysis and parameter selection of the particle swarm optimization dynamics for faster convergence},
  author={Samal, Nayan R and Konar, Amit and Das, Swagatam and Abraham, Ajith},
  booktitle={Evolutionary Computation, 2007. CEC 2007. IEEE Congress on},
  pages={1769--1776},
  year={2007},
  organization={IEEE}
}

@article{poli2009mean,
  title={Mean and variance of the sampling distribution of particle swarm optimizers during stagnation},
  author={Poli, Riccardo},
  journal={Evolutionary Computation, IEEE Transactions on},
  volume={13},
  number={4},
  pages={712--721},
  year={2009},
  publisher={IEEE}
}

@article{poli2008dynamics,
  title={Dynamics and stability of the sampling distribution of particle swarm optimisers via moment analysis},
  author={Poli, Riccardo},
  journal={Journal of Artificial Evolution and Applications},
  volume={2008},
  pages={15},
  year={2008},
  publisher={Hindawi Publishing Corp.}
}

@article{jiang2007stochastic,
  title={Stochastic convergence analysis and parameter selection of the standard particle swarm optimization algorithm},
  author={Jiang, Ming and Luo, YP and Yang, SY},
  journal={Information Processing Letters},
  volume={102},
  number={1},
  pages={8--16},
  year={2007},
  publisher={Elsevier}
}

@book{engelbrecht2005fundamentals,
  title={Fundamentals of computational swarm intelligence},
  author={Engelbrecht, Andries P},
  volume={1},
  year={2005},
  publisher={Wiley Chichester}
}

@inproceedings{li2004better,
  title={Better spread and convergence: Particle swarm multiobjective optimization using the maximin fitness function},
  author={Li, Xiaodong},
  booktitle={Genetic and Evolutionary Computation--GECCO 2004},
  pages={117--128},
  year={2004},
  organization={Springer}
}