@INPROCEEDINGS{937505, 
author={Boykov, Y.Y. and Jolly, M.-P.}, 
booktitle={Computer Vision, 2001. ICCV 2001. Proceedings. Eighth IEEE International Conference on}, 
title={Interactive graph cuts for optimal boundary amp; region segmentation of objects in N-D images}, 
year={2001}, 
month={}, 
volume={1}, 
pages={105-112 vol.1}, 
keywords={computational geometry;image segmentation;interactive systems;Gestalt example;N-D images;N-dimensional images;globally optimal segmentation;hard constraints;interactive graph cuts;interactive segmentation;max-flow algorithm;medical image segmentation;optimal boundary & region segmentation;soft constraints;Biomedical imaging;Cost function;Educational institutions;Image segmentation;Level set;Region 5;Topology;Visualization}, 
doi={10.1109/ICCV.2001.937505},}

@misc{wiki:Max-flow_min-cut_theorem,
author = "Wikipedia",
title = "Max-flow min-cut theorem --- Wikipedia{,} The Free Encyclopedia",
year = "2014",
url = "http://en.wikipedia.org/w/index.php?title=Max-flow_min-cut_theorem&oldid=626386266",
note = "[Online; accessed 20-October-2014]"
}

@misc{wiki:Kernel_density_estimation,
author = "Wikipedia",
title = "Kernel density estimation --- Wikipedia{,} The Free Encyclopedia",
year = "2014",
url = "http://en.wikipedia.org/w/index.php?title=Kernel_density_estimation&oldid=619108734",
note = "[Online; accessed 20-October-2014]"
 }
 
@inproceedings{rother2004grabcut,
title={Grabcut: Interactive foreground extraction using iterated graph cuts},
author={Rother, Carsten and Kolmogorov, Vladimir and Blake, Andrew},
booktitle={ACM Transactions on Graphics (TOG)},
volume={23},
number={3},
pages={309--314},
year={2004},
organization={ACM}
}

@misc{wiki:Mixture_model,
author = "Wikipedia",
title = "Mixture model --- Wikipedia{,} The Free Encyclopedia",
year = "2014",
url = "\url{http://en.wikipedia.org/w/index.php?title=Mixture_model&oldid=628519430}",
note = "[Online; accessed 20-October-2014]"
 }