@inproceedings{ testentry,
    title="This is not a real paper",
    author="Me",
    booktitle="Proceedings of My Life (ML)",
    year="2006",
}
