@inproceedings{masehian2010multi,
  title={A multi-objective PSO-based algorithm for robot path planning},
  author={Masehian, Ellips and Sedighizadeh, Davoud},
  booktitle={Industrial Technology (ICIT), 2010 IEEE International Conference on},
  pages={465--470},
  year={2010},
  organization={IEEE}
}

@article{masehian2010multi2,
  title={Multi-objective PSO-and NPSO-based algorithms for robot path planning},
  author={Masehian, Ellips and Sedighizadeh, Davoud},
  journal={Advances in electrical and computer engineering},
  volume={10},
  number={4},
  pages={69--76},
  year={2010}
}

@article{castillo2007multiple,
  title={Multiple objective genetic algorithms for path-planning optimization in autonomous mobile robots},
  author={Castillo, Oscar and Trujillo, Leonardo and Melin, Patricia},
  journal={Soft Computing},
  volume={11},
  number={3},
  pages={269--279},
  year={2007},
  publisher={Springer}
}

@inproceedings{moshaiov2007extended,
  title={The Extended Concept-based Multi-objective Path Planning and its A-life implications},
  author={Moshaiov, Amiram and Avigad, Gideon},
  booktitle={Artificial Life, 2007. ALIFE'07. IEEE Symposium on},
  pages={259--265},
  year={2007},
  organization={IEEE}
}

@article{avigad2009interactive,
  title={Interactive evolutionary multiobjective search and optimization of set-based concepts},
  author={Avigad, Gideon and Moshaiov, Amiram},
  journal={Systems, Man, and Cybernetics, Part B: Cybernetics, IEEE Transactions on},
  volume={39},
  number={4},
  pages={1013--1027},
  year={2009},
  publisher={IEEE}
}

@inproceedings{avigad2007sequential,
  title={The sequential optimization-constraint multi-objective problem and its applications for robust planning of robot paths},
  author={Avigad, Gideon and Deb, Kalyanmoy},
  booktitle={Evolutionary Computation, 2007. CEC 2007. IEEE Congress on},
  pages={2101--2108},
  year={2007},
  organization={IEEE}
}

@article{soltani2004fuzzy,
  title={A fuzzy based multi-objective path planning of construction sites},
  author={Soltani, AR and Fernando, T},
  journal={Automation in construction},
  volume={13},
  number={6},
  pages={717--734},
  year={2004},
  publisher={Elsevier}
}

@inproceedings{ahmed2011multi,
  title={Multi-objective path planning using spline representation},
  author={Ahmed, Faez and Deb, Kalyanmoy},
  booktitle={Proceedings of the IEEE international conference on robotics and biomimetics (IEEE-ROBIO 2011), Piscatway},
  pages={1047--1052},
  year={2011},
  organization={Proceedings of the IEEE International Conference on Robotics and Biomimetics (IEEE-ROBIO 2011), Piscatway}
}

@inproceedings{wu2007fuzzy,
  title={Fuzzy multi-objective mission flight planning in unmanned aerial systems},
  author={Wu, Paul and Clothier, Reece and Campbell, Duncan and Walker, Rodney},
  booktitle={Computational Intelligence in Multicriteria Decision Making, IEEE Symposium on},
  pages={2--9},
  year={2007},
  organization={IEEE}
}

@inproceedings{Pohl:2008:MUM:1516744.1516965,
 author = {Pohl, Adam J. and Lamont, Gary B.},
 title = {Multi-objective UAV mission planning using evolutionary computation},
 booktitle = {Proceedings of the 40th Conference on Winter Simulation},
 series = {WSC '08},
 year = {2008},
 isbn = {978-1-4244-2708-6},
 location = {Miami, Florida},
 pages = {1268--1279},
 numpages = {12},
 url = {http://dl.acm.org/citation.cfm?id=1516744.1516965},
 acmid = {1516965},
 publisher = {Winter Simulation Conference},
} 

@article{wu2011multi,
  title={Multi-objective four-dimensional vehicle motion planning in large dynamic environments},
  author={Wu, PP-Y and Campbell, Duncan and Merz, Torsten},
  journal={Systems, Man, and Cybernetics, Part B: Cybernetics, IEEE Transactions on},
  volume={41},
  number={3},
  pages={621--634},
  year={2011},
  publisher={IEEE}
}

@article{ur2010multi,
  title={Multi-objective path placement optimization of parallel kinematics machines based on energy consumption, shaking forces and maximum actuator torques: Application to the Orthoglide},
  author={Ur-Rehman, Raza and Caro, Stephane and Chablat, Damien and Wenger, Philippe},
  journal={Mechanism and Machine Theory},
  volume={45},
  number={8},
  pages={1125--1141},
  year={2010},
  publisher={Elsevier}
}

@inproceedings{higuera2012socially,
  title={Socially-Driven Collective Path Planning for Robot Missions},
  author={Higuera, Juan Camilo Gamboa and Xu, Anqi and Shkurti, Florian and Dudek, Gregory},
  booktitle={Computer and Robot Vision (CRV), 2012 Ninth Conference on},
  pages={417--424},
  year={2012},
  organization={IEEE}
}

@article{deb2002fast,
  title={A fast and elitist multiobjective genetic algorithm: NSGA-II},
  author={Deb, Kalyanmoy and Pratap, Amrit and Agarwal, Sameer and Meyarivan, TAMT},
  journal={Evolutionary Computation, IEEE Transactions on},
  volume={6},
  number={2},
  pages={182--197},
  year={2002},
  publisher={IEEE}
}

@inproceedings{moshaiov2004concept,
  title={Concept-based interactive evolutionary computation for multi-objective path planning},
  author={Moshaiov, Amiram and Avigad, G},
  booktitle={Computational Cybernetics, 2004. ICCC 2004. Second IEEE International Conference on},
  pages={115--120},
  year={2004},
  organization={IEEE}
}